ts_recv,ts_event,rtype,publisher_id,instrument_id,action,side,depth,price,size,flags,ts_in_delta,sequence,symbol
2025-05-12 19:00:09.767613203+00:00,2025-05-12 19:00:09.767408935+00:00,0,26,33556693,T,N,0,3.17,1,194,0,2507264537,AAPL  250516C00210000
2025-05-12 19:00:10.180571601+00:00,2025-05-12 19:00:10.180367330+00:00,0,35,33556693,T,N,0,3.14,2,194,0,2507354736,AAPL  250516C00210000
2025-05-12 19:00:12.331735587+00:00,2025-05-12 19:00:12.331531422+00:00,0,26,33556693,T,N,0,3.15,1,194,0,2507627328,AAPL  250516C00210000
2025-05-12 19:00:12.331735587+00:00,2025-05-12 19:00:12.331531422+00:00,0,26,33556693,T,N,0,3.15,1,194,0,2507627329,AAPL  250516C00210000
2025-05-12 19:00:13.314014120+00:00,2025-05-12 19:00:13.313811653+00:00,0,28,33556693,T,N,0,3.18,2,194,0,2507793363,AAPL  250516C00210000
2025-05-12 19:00:14.307010951+00:00,2025-05-12 19:00:14.306808270+00:00,0,24,33556693,T,N,0,3.1,1,194,0,2507925768,AAPL  250516C00210000
2025-05-12 19:00:14.307632430+00:00,2025-05-12 19:00:14.307429740+00:00,0,22,33556693,T,N,0,3.1,1,194,0,2507925839,AAPL  250516C00210000
2025-05-12 19:00:14.313949415+00:00,2025-05-12 19:00:14.313745113+00:00,0,22,33556693,T,N,0,3.1,9,194,0,2507926178,AAPL  250516C00210000
2025-05-12 19:00:14.313949415+00:00,2025-05-12 19:00:14.313745113+00:00,0,22,33556693,T,N,0,3.1,6,194,0,2507926180,AAPL  250516C00210000
2025-05-12 19:00:14.313952424+00:00,2025-05-12 19:00:14.313749792+00:00,0,22,33556693,T,N,0,3.1,4,194,0,2507926181,AAPL  250516C00210000
2025-05-12 19:00:14.313957858+00:00,2025-05-12 19:00:14.313755100+00:00,0,22,33556693,T,N,0,3.1,1,194,0,2507926183,AAPL  250516C00210000
2025-05-12 19:00:16.013994813+00:00,2025-05-12 19:00:16.013792139+00:00,0,22,33556693,T,N,0,3.15,2,194,0,2508071476,AAPL  250516C00210000
2025-05-12 19:00:38.823508051+00:00,2025-05-12 19:00:38.823305314+00:00,0,29,33556693,T,N,0,3.1,2,194,0,2510714510,AAPL  250516C00210000
2025-05-12 19:00:39.400144103+00:00,2025-05-12 19:00:39.399940519+00:00,0,26,33556693,T,N,0,3.1,5,194,0,2510852922,AAPL  250516C00210000
2025-05-12 19:00:39.400278289+00:00,2025-05-12 19:00:39.400075491+00:00,0,37,33556693,T,N,0,3.1,1,194,0,2510853116,AAPL  250516C00210000
2025-05-12 19:00:39.400284702+00:00,2025-05-12 19:00:39.400081131+00:00,0,31,33556693,T,N,0,3.1,1,194,0,2510853122,AAPL  250516C00210000
2025-05-12 19:00:39.400685928+00:00,2025-05-12 19:00:39.400481610+00:00,0,29,33556693,T,N,0,3.1,24,194,0,2510853698,AAPL  250516C00210000
2025-05-12 19:00:39.403686436+00:00,2025-05-12 19:00:39.403483204+00:00,0,21,33556693,T,N,0,3.1,1,194,0,2510858793,AAPL  250516C00210000
2025-05-12 19:00:39.953626648+00:00,2025-05-12 19:00:39.953423992+00:00,0,23,33556693,T,N,0,3.1,20,194,0,2511105868,AAPL  250516C00210000
2025-05-12 19:00:42.786935199+00:00,2025-05-12 19:00:42.786732551+00:00,0,27,33556693,T,N,0,3.11,13,194,0,2511528597,AAPL  250516C00210000
2025-05-12 19:00:42.787792862+00:00,2025-05-12 19:00:42.787589490+00:00,0,21,33556693,T,N,0,3.12,6,194,0,2511528683,AAPL  250516C00210000
2025-05-12 19:00:42.787792862+00:00,2025-05-12 19:00:42.787589490+00:00,0,21,33556693,T,N,0,3.12,5,194,0,2511528684,AAPL  250516C00210000
2025-05-12 19:00:42.787792862+00:00,2025-05-12 19:00:42.787589490+00:00,0,21,33556693,T,N,0,3.12,3,194,0,2511528685,AAPL  250516C00210000
2025-05-12 19:00:42.815016817+00:00,2025-05-12 19:00:42.814814300+00:00,0,23,33556693,T,N,0,3.11,6,194,0,2511530739,AAPL  250516C00210000
2025-05-12 19:00:42.815032111+00:00,2025-05-12 19:00:42.814829420+00:00,0,23,33556693,T,N,0,3.11,4,194,0,2511530740,AAPL  250516C00210000
2025-05-12 19:00:42.815036967+00:00,2025-05-12 19:00:42.814834320+00:00,0,23,33556693,T,N,0,3.11,4,194,0,2511530741,AAPL  250516C00210000
2025-05-12 19:00:43.250652971+00:00,2025-05-12 19:00:43.250449413+00:00,0,26,33556693,T,N,0,3.11,2,194,0,2511591043,AAPL  250516C00210000
2025-05-12 19:00:43.369543987+00:00,2025-05-12 19:00:43.369341484+00:00,0,24,33556693,T,N,0,3.05,1,194,0,2511653744,AAPL  250516C00210000
2025-05-12 19:00:43.369709059+00:00,2025-05-12 19:00:43.369506418+00:00,0,24,33556693,T,N,0,3.05,1,194,0,2511653772,AAPL  250516C00210000
2025-05-12 19:00:46.858332564+00:00,2025-05-12 19:00:46.858127315+00:00,0,34,33556693,T,N,0,3.06,12,194,0,2512231506,AAPL  250516C00210000
2025-05-12 19:00:46.858531361+00:00,2025-05-12 19:00:46.858327312+00:00,0,34,33556693,T,N,0,3.06,8,194,0,2512231887,AAPL  250516C00210000
2025-05-12 19:00:46.859407855+00:00,2025-05-12 19:00:46.859204218+00:00,0,20,33556693,T,N,0,3.06,32,194,0,2512233687,AAPL  250516C00210000
2025-05-12 19:00:46.862913294+00:00,2025-05-12 19:00:46.862709186+00:00,0,34,33556693,T,N,0,3.06,7,194,0,2512241362,AAPL  250516C00210000
2025-05-12 19:00:46.863119674+00:00,2025-05-12 19:00:46.862914807+00:00,0,34,33556693,T,N,0,3.06,5,194,0,2512241684,AAPL  250516C00210000
2025-05-12 19:00:46.870991059+00:00,2025-05-12 19:00:46.870787350+00:00,0,24,33556693,T,N,0,3.06,32,194,0,2512251516,AAPL  250516C00210000
2025-05-12 19:00:46.975665240+00:00,2025-05-12 19:00:46.975461274+00:00,0,28,33556693,T,N,0,3.05,1,194,0,2512280996,AAPL  250516C00210000
2025-05-12 19:00:55.837221706+00:00,2025-05-12 19:00:55.837018201+00:00,0,24,33556693,T,N,0,3.05,1,194,0,2513173552,AAPL  250516C00210000
2025-05-12 19:00:57.524583150+00:00,2025-05-12 19:00:57.524380403+00:00,0,26,33556693,T,N,0,3.07,1,194,0,2513323164,AAPL  250516C00210000
2025-05-12 19:01:04.921489157+00:00,2025-05-12 19:01:04.921286416+00:00,0,26,33556693,T,N,0,3.08,10,194,0,2514250887,AAPL  250516C00210000
2025-05-12 19:01:14.008514614+00:00,2025-05-12 19:01:14.008311874+00:00,0,37,33556693,T,N,0,3.1,1,194,0,2515279793,AAPL  250516C00210000
2025-05-12 19:01:14.205368017+00:00,2025-05-12 19:01:14.205165189+00:00,0,24,33556693,T,N,0,3.05,1,194,0,2515349953,AAPL  250516C00210000
2025-05-12 19:01:16.593407726+00:00,2025-05-12 19:01:16.593202568+00:00,0,28,33556693,T,N,0,3.12,4,194,0,2515606612,AAPL  250516C00210000
2025-05-12 19:01:16.597987948+00:00,2025-05-12 19:01:16.597783594+00:00,0,35,33556693,T,N,0,3.12,4,194,0,2515613671,AAPL  250516C00210000
2025-05-12 19:01:16.602273327+00:00,2025-05-12 19:01:16.602069362+00:00,0,35,33556693,T,N,0,3.12,4,194,0,2515617435,AAPL  250516C00210000
2025-05-12 19:01:16.607799569+00:00,2025-05-12 19:01:16.607596682+00:00,0,35,33556693,T,N,0,3.13,4,194,0,2515620862,AAPL  250516C00210000
2025-05-12 19:01:16.612662575+00:00,2025-05-12 19:01:16.612458744+00:00,0,35,33556693,T,N,0,3.12,4,194,0,2515623494,AAPL  250516C00210000
2025-05-12 19:01:16.617699839+00:00,2025-05-12 19:01:16.617496422+00:00,0,35,33556693,T,N,0,3.12,4,194,0,2515626793,AAPL  250516C00210000
2025-05-12 19:01:16.622850872+00:00,2025-05-12 19:01:16.622647897+00:00,0,35,33556693,T,N,0,3.12,4,194,0,2515629139,AAPL  250516C00210000
2025-05-12 19:01:18.687519386+00:00,2025-05-12 19:01:18.687315533+00:00,0,28,33556693,T,N,0,3.13,8,194,0,2515916575,AAPL  250516C00210000
2025-05-12 19:01:19.358124900+00:00,2025-05-12 19:01:19.357922224+00:00,0,20,33556693,T,N,0,3.13,1,194,0,2516021268,AAPL  250516C00210000
2025-05-12 19:01:19.358124900+00:00,2025-05-12 19:01:19.357922224+00:00,0,20,33556693,T,N,0,3.13,1,194,0,2516021269,AAPL  250516C00210000
2025-05-12 19:01:22.059117844+00:00,2025-05-12 19:01:22.058915476+00:00,0,24,33556693,T,N,0,3.1,1,194,0,2516278252,AAPL  250516C00210000
2025-05-12 19:01:22.059203121+00:00,2025-05-12 19:01:22.059000674+00:00,0,20,33556693,T,N,0,3.1,1,194,0,2516278260,AAPL  250516C00210000
2025-05-12 19:01:23.934553526+00:00,2025-05-12 19:01:23.934350526+00:00,0,35,33556693,T,N,0,3.14,3,194,0,2516503523,AAPL  250516C00210000
2025-05-12 19:01:27.405591588+00:00,2025-05-12 19:01:27.405388963+00:00,0,35,33556693,T,N,0,3.13,1,194,0,2516970817,AAPL  250516C00210000
2025-05-12 19:01:33.613834324+00:00,2025-05-12 19:01:33.613631665+00:00,0,24,33556693,T,N,0,3.15,1,194,0,2517732217,AAPL  250516C00210000
2025-05-12 19:01:36.128835065+00:00,2025-05-12 19:01:36.128631307+00:00,0,27,33556693,T,N,0,3.13,10,194,0,2517960691,AAPL  250516C00210000
2025-05-12 19:01:36.638173549+00:00,2025-05-12 19:01:36.637970191+00:00,0,34,33556693,T,N,0,3.13,5,194,0,2518007285,AAPL  250516C00210000
2025-05-12 19:01:41.594965376+00:00,2025-05-12 19:01:41.594761453+00:00,0,20,33556693,T,N,0,3.2,5,194,0,2518561455,AAPL  250516C00210000
2025-05-12 19:01:49.242260831+00:00,2025-05-12 19:01:49.242058119+00:00,0,22,33556693,T,N,0,3.12,1,194,0,2519267929,AAPL  250516C00210000
2025-05-12 19:02:08.795919404+00:00,2025-05-12 19:02:08.795715476+00:00,0,29,33556693,T,N,0,3.15,2,194,0,2520914052,AAPL  250516C00210000
2025-05-12 19:02:11.440707774+00:00,2025-05-12 19:02:11.440505027+00:00,0,21,33556693,T,N,0,3.15,1,194,0,2521216761,AAPL  250516C00210000
2025-05-12 19:02:19.089929787+00:00,2025-05-12 19:02:19.089727115+00:00,0,28,33556693,T,N,0,3.16,5,194,0,2521949872,AAPL  250516C00210000
2025-05-12 19:02:20.367476274+00:00,2025-05-12 19:02:20.367272460+00:00,0,28,33556693,T,N,0,3.16,4,194,0,2522091371,AAPL  250516C00210000
2025-05-12 19:02:25.424423569+00:00,2025-05-12 19:02:25.424220634+00:00,0,20,33556693,T,N,0,3.2,17,194,0,2522610901,AAPL  250516C00210000
2025-05-12 19:02:25.424543875+00:00,2025-05-12 19:02:25.424340954+00:00,0,28,33556693,T,N,0,3.2,3,194,0,2522610906,AAPL  250516C00210000
2025-05-12 19:02:34.485566509+00:00,2025-05-12 19:02:34.485363731+00:00,0,35,33556693,T,N,0,3.19,5,194,0,2523510102,AAPL  250516C00210000
2025-05-12 19:02:38.200612116+00:00,2025-05-12 19:02:38.200408994+00:00,0,21,33556693,T,N,0,3.19,1,194,0,2523797309,AAPL  250516C00210000
2025-05-12 19:02:38.200732392+00:00,2025-05-12 19:02:38.200529599+00:00,0,33,33556693,T,N,0,3.2,1,194,0,2523797324,AAPL  250516C00210000
2025-05-12 19:02:38.200737477+00:00,2025-05-12 19:02:38.200534479+00:00,0,28,33556693,T,N,0,3.2,1,194,0,2523797326,AAPL  250516C00210000
2025-05-12 19:02:45.273368554+00:00,2025-05-12 19:02:45.273163570+00:00,0,29,33556693,T,N,0,3.2,2,194,0,2524395086,AAPL  250516C00210000
2025-05-12 19:02:45.273413174+00:00,2025-05-12 19:02:45.273208419+00:00,0,28,33556693,T,N,0,3.18,3,194,0,2524395169,AAPL  250516C00210000
2025-05-12 19:02:45.274603876+00:00,2025-05-12 19:02:45.274400027+00:00,0,21,33556693,T,N,0,3.2,2,194,0,2524397468,AAPL  250516C00210000
2025-05-12 19:02:58.739262784+00:00,2025-05-12 19:02:58.739059257+00:00,0,27,33556693,T,N,0,3.2,1,194,0,2525813106,AAPL  250516C00210000
2025-05-12 19:03:00.243918620+00:00,2025-05-12 19:03:00.243716039+00:00,0,36,33556693,T,N,0,3.2,1,194,0,2526022483,AAPL  250516C00210000
2025-05-12 19:03:00.243923445+00:00,2025-05-12 19:03:00.243720917+00:00,0,36,33556693,T,N,0,3.2,5,194,0,2526022484,AAPL  250516C00210000
2025-05-12 19:03:14.742082652+00:00,2025-05-12 19:03:14.741878618+00:00,0,29,33556693,T,N,0,3.25,1,194,0,2528156581,AAPL  250516C00210000
2025-05-12 19:03:40.129359786+00:00,2025-05-12 19:03:40.129155954+00:00,0,20,33556693,T,N,0,3.35,3,194,0,2530970939,AAPL  250516C00210000
2025-05-12 19:03:40.129359786+00:00,2025-05-12 19:03:40.129155954+00:00,0,20,33556693,T,N,0,3.35,1,194,0,2530970940,AAPL  250516C00210000
2025-05-12 19:03:40.129359786+00:00,2025-05-12 19:03:40.129155954+00:00,0,20,33556693,T,N,0,3.35,27,194,0,2530970941,AAPL  250516C00210000
2025-05-12 19:03:40.129359786+00:00,2025-05-12 19:03:40.129155954+00:00,0,20,33556693,T,N,0,3.35,52,194,0,2530970942,AAPL  250516C00210000
2025-05-12 19:03:40.129359786+00:00,2025-05-12 19:03:40.129155954+00:00,0,20,33556693,T,N,0,3.35,34,194,0,2530970943,AAPL  250516C00210000
2025-05-12 19:03:40.129359786+00:00,2025-05-12 19:03:40.129155954+00:00,0,20,33556693,T,N,0,3.35,13,194,0,2530970944,AAPL  250516C00210000
2025-05-12 19:03:52.087027377+00:00,2025-05-12 19:03:52.086823016+00:00,0,22,33556693,T,N,0,3.31,4,194,0,2532435202,AAPL  250516C00210000
2025-05-12 19:03:56.904613011+00:00,2025-05-12 19:03:56.904409957+00:00,0,21,33556693,T,N,0,3.35,5,194,0,2533060000,AAPL  250516C00210000
2025-05-12 19:04:12.860179874+00:00,2025-05-12 19:04:12.859976431+00:00,0,29,33556693,T,N,0,3.3,1,194,0,2534952192,AAPL  250516C00210000
2025-05-12 19:04:46.843370918+00:00,2025-05-12 19:04:46.843167999+00:00,0,24,33556693,T,N,0,3.33,1,194,0,2538474905,AAPL  250516C00210000
2025-05-12 19:04:47.428957870+00:00,2025-05-12 19:04:47.428753878+00:00,0,61,33556693,T,N,0,3.35,1,194,0,2538537248,AAPL  250516C00210000
2025-05-12 19:05:01.267300801+00:00,2025-05-12 19:05:01.267098079+00:00,0,36,33556693,T,N,0,3.35,5,194,0,2540020583,AAPL  250516C00210000
2025-05-12 19:05:04.047363150+00:00,2025-05-12 19:05:04.047159555+00:00,0,20,33556693,T,N,0,3.36,2,194,0,2540302589,AAPL  250516C00210000
2025-05-12 19:05:04.047363150+00:00,2025-05-12 19:05:04.047159555+00:00,0,20,33556693,T,N,0,3.36,2,194,0,2540302590,AAPL  250516C00210000
2025-05-12 19:05:13.088478622+00:00,2025-05-12 19:05:13.088275003+00:00,0,20,33556693,T,N,0,3.36,2,194,0,2541505311,AAPL  250516C00210000
2025-05-12 19:05:27.272387368+00:00,2025-05-12 19:05:27.272183966+00:00,0,24,33556693,T,N,0,3.3,1,194,0,2542757019,AAPL  250516C00210000
2025-05-12 19:05:27.272496475+00:00,2025-05-12 19:05:27.272293765+00:00,0,20,33556693,T,N,0,3.3,1,194,0,2542757037,AAPL  250516C00210000
2025-05-12 19:06:07.872579282+00:00,2025-05-12 19:06:07.872376489+00:00,0,35,33556693,T,N,0,3.37,20,194,0,2547301064,AAPL  250516C00210000
2025-05-12 19:06:26.884951653+00:00,2025-05-12 19:06:26.884749100+00:00,0,28,33556693,T,N,0,3.4,1,194,0,2549268656,AAPL  250516C00210000
2025-05-12 19:06:39.561517965+00:00,2025-05-12 19:06:39.561314381+00:00,0,22,33556693,T,N,0,3.38,1,194,0,2550762421,AAPL  250516C00210000
2025-05-12 19:06:45.547555109+00:00,2025-05-12 19:06:45.547352190+00:00,0,21,33556693,T,N,0,3.39,1,194,0,2551339783,AAPL  250516C00210000
2025-05-12 19:06:51.733575195+00:00,2025-05-12 19:06:51.733372315+00:00,0,35,33556693,T,N,0,3.35,3,194,0,2552072786,AAPL  250516C00210000
2025-05-12 19:06:53.862334151+00:00,2025-05-12 19:06:53.862131225+00:00,0,20,33556693,T,N,0,3.4,3,194,0,2552225200,AAPL  250516C00210000
2025-05-12 19:06:59.459766391+00:00,2025-05-12 19:06:59.459563892+00:00,0,24,33556693,T,N,0,3.35,1,194,0,2552895073,AAPL  250516C00210000
2025-05-12 19:07:33.077478874+00:00,2025-05-12 19:07:33.077275223+00:00,0,32,33556693,T,N,0,3.3,1,194,0,2555784529,AAPL  250516C00210000
2025-05-12 19:07:51.531618016+00:00,2025-05-12 19:07:51.531415354+00:00,0,24,33556693,T,N,0,3.2,1,194,0,2557647957,AAPL  250516C00210000
2025-05-12 19:07:51.532236472+00:00,2025-05-12 19:07:51.532032842+00:00,0,24,33556693,T,N,0,3.2,1,194,0,2557648183,AAPL  250516C00210000
2025-05-12 19:07:51.532240258+00:00,2025-05-12 19:07:51.532036807+00:00,0,24,33556693,T,N,0,3.2,1,194,0,2557648201,AAPL  250516C00210000
2025-05-12 19:07:51.532244465+00:00,2025-05-12 19:07:51.532041853+00:00,0,24,33556693,T,N,0,3.2,1,194,0,2557648203,AAPL  250516C00210000
2025-05-12 19:07:53.724214171+00:00,2025-05-12 19:07:53.724011272+00:00,0,28,33556693,T,N,0,3.3,1,194,0,2557786892,AAPL  250516C00210000
2025-05-12 19:08:04.269285657+00:00,2025-05-12 19:08:04.269082093+00:00,0,36,33556693,T,N,0,3.21,4,194,0,2558578693,AAPL  250516C00210000
2025-05-12 19:08:04.274171739+00:00,2025-05-12 19:08:04.273968316+00:00,0,26,33556693,T,N,0,3.25,10,194,0,2558588426,AAPL  250516C00210000
2025-05-12 19:08:09.844113559+00:00,2025-05-12 19:08:09.843909950+00:00,0,24,33556693,T,N,0,3.2,1,194,0,2559185360,AAPL  250516C00210000
2025-05-12 19:08:09.844167906+00:00,2025-05-12 19:08:09.843965092+00:00,0,22,33556693,T,N,0,3.2,1,194,0,2559185411,AAPL  250516C00210000
2025-05-12 19:08:09.844223740+00:00,2025-05-12 19:08:09.844019880+00:00,0,20,33556693,T,N,0,3.2,1,194,0,2559185472,AAPL  250516C00210000
2025-05-12 19:08:09.844292643+00:00,2025-05-12 19:08:09.844089811+00:00,0,28,33556693,T,N,0,3.2,1,194,0,2559185514,AAPL  250516C00210000
2025-05-12 19:08:09.844423111+00:00,2025-05-12 19:08:09.844220250+00:00,0,25,33556693,T,N,0,3.2,5,194,0,2559185613,AAPL  250516C00210000
2025-05-12 19:08:09.844488260+00:00,2025-05-12 19:08:09.844285449+00:00,0,23,33556693,T,N,0,3.2,5,194,0,2559185632,AAPL  250516C00210000
2025-05-12 19:08:09.846148503+00:00,2025-05-12 19:08:09.845944339+00:00,0,21,33556693,T,N,0,3.2,3,194,0,2559186404,AAPL  250516C00210000
2025-05-12 19:08:09.846148503+00:00,2025-05-12 19:08:09.845944339+00:00,0,21,33556693,T,N,0,3.2,2,194,0,2559186405,AAPL  250516C00210000
2025-05-12 19:08:09.945007514+00:00,2025-05-12 19:08:09.944804851+00:00,0,27,33556693,T,N,0,3.22,1,194,0,2559196599,AAPL  250516C00210000
2025-05-12 19:08:51.001574283+00:00,2025-05-12 19:08:51.001371597+00:00,0,20,33556693,T,N,0,3.3,2,194,0,2562559458,AAPL  250516C00210000
2025-05-12 19:09:07.578997587+00:00,2025-05-12 19:09:07.578794426+00:00,0,23,33556693,T,N,0,3.2,1,194,0,2564151599,AAPL  250516C00210000
2025-05-12 19:09:15.764237909+00:00,2025-05-12 19:09:15.764035368+00:00,0,28,33556693,T,N,0,3.2,1,194,0,2564665197,AAPL  250516C00210000
2025-05-12 19:10:17.713748590+00:00,2025-05-12 19:10:17.713545865+00:00,0,23,33556693,T,N,0,3.2,1,194,0,2570040529,AAPL  250516C00210000
2025-05-12 19:10:17.889744757+00:00,2025-05-12 19:10:17.889542100+00:00,0,36,33556693,T,N,0,3.2,1,194,0,2570096911,AAPL  250516C00210000
2025-05-12 19:10:23.457609517+00:00,2025-05-12 19:10:23.457406644+00:00,0,29,33556693,T,N,0,3.15,1,194,0,2570744944,AAPL  250516C00210000
2025-05-12 19:10:34.061013324+00:00,2025-05-12 19:10:34.060810607+00:00,0,27,33556693,T,N,0,3.18,25,194,0,2572106642,AAPL  250516C00210000
2025-05-12 19:10:46.773008345+00:00,2025-05-12 19:10:46.772805883+00:00,0,26,33556693,T,N,0,3.1,1,194,0,2573688066,AAPL  250516C00210000
2025-05-12 19:10:46.773043470+00:00,2025-05-12 19:10:46.772841018+00:00,0,25,33556693,T,N,0,3.1,1,194,0,2573688073,AAPL  250516C00210000
2025-05-12 19:10:46.773148702+00:00,2025-05-12 19:10:46.772946253+00:00,0,23,33556693,T,N,0,3.1,1,194,0,2573688084,AAPL  250516C00210000
2025-05-12 19:10:46.873132198+00:00,2025-05-12 19:10:46.872929552+00:00,0,28,33556693,T,N,0,3.12,7,194,0,2573703110,AAPL  250516C00210000
2025-05-12 19:10:46.873132198+00:00,2025-05-12 19:10:46.872929552+00:00,0,28,33556693,T,N,0,3.12,7,194,0,2573703111,AAPL  250516C00210000
2025-05-12 19:10:54.841630984+00:00,2025-05-12 19:10:54.841428357+00:00,0,28,33556693,T,N,0,3.15,1,194,0,2574492565,AAPL  250516C00210000
2025-05-12 19:10:54.896647704+00:00,2025-05-12 19:10:54.896444347+00:00,0,36,33556693,T,N,0,3.15,130,194,0,2574513322,AAPL  250516C00210000
2025-05-12 19:10:54.910686754+00:00,2025-05-12 19:10:54.910482881+00:00,0,28,33556693,T,N,0,3.15,9,194,0,2574526620,AAPL  250516C00210000
2025-05-12 19:10:56.961292987+00:00,2025-05-12 19:10:56.961090379+00:00,0,21,33556693,T,N,0,3.15,1,194,0,2574960864,AAPL  250516C00210000
2025-05-12 19:11:49.545100142+00:00,2025-05-12 19:11:49.544897675+00:00,0,28,33556693,T,N,0,3.14,1,194,0,2580085096,AAPL  250516C00210000
2025-05-12 19:11:49.921093401+00:00,2025-05-12 19:11:49.920889633+00:00,0,22,33556693,T,N,0,3.15,1,194,0,2580116332,AAPL  250516C00210000
2025-05-12 19:11:49.921093401+00:00,2025-05-12 19:11:49.920889633+00:00,0,22,33556693,T,N,0,3.15,2,194,0,2580116333,AAPL  250516C00210000
2025-05-12 19:11:51.373035545+00:00,2025-05-12 19:11:51.372831293+00:00,0,36,33556693,T,N,0,3.1,1,194,0,2580242856,AAPL  250516C00210000
2025-05-12 19:12:17.855400547+00:00,2025-05-12 19:12:17.855197868+00:00,0,35,33556693,T,N,0,3.1,1,194,0,2583102835,AAPL  250516C00210000
2025-05-12 19:12:18.003407917+00:00,2025-05-12 19:12:18.003205356+00:00,0,20,33556693,T,N,0,3.12,1,194,0,2583113286,AAPL  250516C00210000
2025-05-12 19:12:29.271180412+00:00,2025-05-12 19:12:29.270977731+00:00,0,35,33556693,T,N,0,3.1,1,194,0,2584106381,AAPL  250516C00210000
2025-05-12 19:12:45.965439834+00:00,2025-05-12 19:12:45.965235223+00:00,0,36,33556693,T,N,0,3.1,1,194,0,2586137012,AAPL  250516C00210000
2025-05-12 19:12:46.042185887+00:00,2025-05-12 19:12:46.041983254+00:00,0,24,33556693,T,N,0,3.05,1,194,0,2586181576,AAPL  250516C00210000
2025-05-12 19:12:46.042290533+00:00,2025-05-12 19:12:46.042087902+00:00,0,20,33556693,T,N,0,3.05,1,194,0,2586181592,AAPL  250516C00210000
2025-05-12 19:12:46.042486262+00:00,2025-05-12 19:12:46.042283667+00:00,0,21,33556693,T,N,0,3.05,1,194,0,2586181627,AAPL  250516C00210000
2025-05-12 19:12:46.042492126+00:00,2025-05-12 19:12:46.042288342+00:00,0,25,33556693,T,N,0,3.05,5,194,0,2586181629,AAPL  250516C00210000
2025-05-12 19:12:50.160587150+00:00,2025-05-12 19:12:50.160384407+00:00,0,26,33556693,T,N,0,3.12,2,194,0,2586804602,AAPL  250516C00210000
2025-05-12 19:12:50.534328900+00:00,2025-05-12 19:12:50.534125559+00:00,0,20,33556693,T,N,0,3.1,1,194,0,2586894448,AAPL  250516C00210000
2025-05-12 19:12:50.534437722+00:00,2025-05-12 19:12:50.534235201+00:00,0,29,33556693,T,N,0,3.1,1,194,0,2586894488,AAPL  250516C00210000
2025-05-12 19:12:50.534472831+00:00,2025-05-12 19:12:50.534270333+00:00,0,34,33556693,T,N,0,3.1,1,194,0,2586894492,AAPL  250516C00210000
2025-05-12 19:12:50.534548915+00:00,2025-05-12 19:12:50.534345554+00:00,0,27,33556693,T,N,0,3.1,1,194,0,2586894513,AAPL  250516C00210000
2025-05-12 19:12:50.534553600+00:00,2025-05-12 19:12:50.534351064+00:00,0,36,33556693,T,N,0,3.1,1,194,0,2586894519,AAPL  250516C00210000
2025-05-12 19:12:50.534593435+00:00,2025-05-12 19:12:50.534390664+00:00,0,35,33556693,T,N,0,3.1,1,194,0,2586894545,AAPL  250516C00210000
2025-05-12 19:12:50.534599101+00:00,2025-05-12 19:12:50.534395588+00:00,0,61,33556693,T,N,0,3.1,1,194,0,2586894549,AAPL  250516C00210000
2025-05-12 19:12:50.534609515+00:00,2025-05-12 19:12:50.534405982+00:00,0,25,33556693,T,N,0,3.1,1,194,0,2586894561,AAPL  250516C00210000
2025-05-12 19:12:50.534663688+00:00,2025-05-12 19:12:50.534461042+00:00,0,26,33556693,T,N,0,3.1,1,194,0,2586894568,AAPL  250516C00210000
2025-05-12 19:12:50.534673618+00:00,2025-05-12 19:12:50.534470974+00:00,0,28,33556693,T,N,0,3.1,1,194,0,2586894570,AAPL  250516C00210000
2025-05-12 19:12:50.534723426+00:00,2025-05-12 19:12:50.534520808+00:00,0,23,33556693,T,N,0,3.1,2,194,0,2586894617,AAPL  250516C00210000
2025-05-12 19:12:50.534748364+00:00,2025-05-12 19:12:50.534545856+00:00,0,31,33556693,T,N,0,3.1,1,194,0,2586894620,AAPL  250516C00210000
2025-05-12 19:12:50.534919126+00:00,2025-05-12 19:12:50.534716606+00:00,0,21,33556693,T,N,0,3.1,1,194,0,2586894670,AAPL  250516C00210000
2025-05-12 19:12:50.534989199+00:00,2025-05-12 19:12:50.534786474+00:00,0,24,33556693,T,N,0,3.1,1,194,0,2586894686,AAPL  250516C00210000
2025-05-12 19:12:50.536091657+00:00,2025-05-12 19:12:50.535889076+00:00,0,22,33556693,T,N,0,3.1,1,194,0,2586894878,AAPL  250516C00210000
2025-05-12 19:12:50.537034079+00:00,2025-05-12 19:12:50.536831602+00:00,0,37,33556693,T,N,0,3.1,2,194,0,2586895051,AAPL  250516C00210000
2025-05-12 19:12:50.542973384+00:00,2025-05-12 19:12:50.542770527+00:00,0,32,33556693,T,N,0,3.1,1,194,0,2586896396,AAPL  250516C00210000
2025-05-12 19:12:50.542994375+00:00,2025-05-12 19:12:50.542790666+00:00,0,33,33556693,T,N,0,3.1,1,194,0,2586896401,AAPL  250516C00210000
2025-05-12 19:12:56.695207737+00:00,2025-05-12 19:12:56.695005086+00:00,0,28,33556693,T,N,0,3.13,1,194,0,2587551578,AAPL  250516C00210000
2025-05-12 19:12:56.695207737+00:00,2025-05-12 19:12:56.695005086+00:00,0,28,33556693,T,N,0,3.13,1,194,0,2587551579,AAPL  250516C00210000
2025-05-12 19:12:56.695212442+00:00,2025-05-12 19:12:56.695009807+00:00,0,28,33556693,T,N,0,3.13,1,194,0,2587551580,AAPL  250516C00210000
2025-05-12 19:13:16.741158573+00:00,2025-05-12 19:13:16.740955792+00:00,0,22,33556693,T,N,0,3.15,20,194,0,2590253457,AAPL  250516C00210000
2025-05-12 19:13:30.425567533+00:00,2025-05-12 19:13:30.425363376+00:00,0,28,33556693,T,N,0,3.15,1,194,0,2591397533,AAPL  250516C00210000
2025-05-12 19:13:55.459406174+00:00,2025-05-12 19:13:55.459203417+00:00,0,22,33556693,T,N,0,3.22,1,194,0,2593866980,AAPL  250516C00210000
2025-05-12 19:14:04.578572517+00:00,2025-05-12 19:14:04.578369957+00:00,0,35,33556693,T,N,0,3.21,1,194,0,2594764424,AAPL  250516C00210000
2025-05-12 19:14:25.414300796+00:00,2025-05-12 19:14:25.414098160+00:00,0,20,33556693,T,N,0,3.22,1,194,0,2596698708,AAPL  250516C00210000
2025-05-12 19:14:29.658783973+00:00,2025-05-12 19:14:29.658580226+00:00,0,24,33556693,T,N,0,3.25,1,194,0,2597170927,AAPL  250516C00210000
2025-05-12 19:14:39.608578927+00:00,2025-05-12 19:14:39.608376134+00:00,0,35,33556693,T,N,0,3.22,1,194,0,2598012459,AAPL  250516C00210000
2025-05-12 19:14:55.073165096+00:00,2025-05-12 19:14:55.072962335+00:00,0,28,33556693,T,N,0,3.15,2,194,0,2599938957,AAPL  250516C00210000
2025-05-12 19:14:55.073165096+00:00,2025-05-12 19:14:55.072962335+00:00,0,28,33556693,T,N,0,3.15,1,194,0,2599938958,AAPL  250516C00210000
2025-05-12 19:14:58.446726868+00:00,2025-05-12 19:14:58.446523443+00:00,0,36,33556693,T,N,0,3.15,4,194,0,2600334722,AAPL  250516C00210000
2025-05-12 19:15:08.855391048+00:00,2025-05-12 19:15:08.855187843+00:00,0,33,33556693,T,N,0,3.15,1,194,0,2601553594,AAPL  250516C00210000
2025-05-12 19:15:11.249472335+00:00,2025-05-12 19:15:11.249269424+00:00,0,27,33556693,T,N,0,3.15,2,194,0,2601710944,AAPL  250516C00210000
2025-05-12 19:15:25.235904902+00:00,2025-05-12 19:15:25.235702280+00:00,0,22,33556693,T,N,0,3.12,1,194,0,2604325266,AAPL  250516C00210000
2025-05-12 19:16:43.139488748+00:00,2025-05-12 19:16:43.139286176+00:00,0,28,33556693,T,N,0,3.25,1,194,0,2612136062,AAPL  250516C00210000
2025-05-12 19:16:52.143015681+00:00,2025-05-12 19:16:52.142812273+00:00,0,23,33556693,T,N,0,3.25,1,194,0,2612908681,AAPL  250516C00210000
2025-05-12 19:16:52.143015681+00:00,2025-05-12 19:16:52.142812273+00:00,0,23,33556693,T,N,0,3.25,5,194,0,2612908682,AAPL  250516C00210000
2025-05-12 19:17:07.040543879+00:00,2025-05-12 19:17:07.040341028+00:00,0,36,33556693,T,N,0,3.2,4,194,0,2614433729,AAPL  250516C00210000
2025-05-12 19:17:27.692689536+00:00,2025-05-12 19:17:27.692486963+00:00,0,28,33556693,T,N,0,3.26,15,194,0,2616401964,AAPL  250516C00210000
2025-05-12 19:17:27.692689536+00:00,2025-05-12 19:17:27.692486963+00:00,0,28,33556693,T,N,0,3.26,15,194,0,2616401965,AAPL  250516C00210000
2025-05-12 19:17:28.265244363+00:00,2025-05-12 19:17:28.265041887+00:00,0,23,33556693,T,N,0,3.25,5,194,0,2616461102,AAPL  250516C00210000
2025-05-12 19:17:59.094277728+00:00,2025-05-12 19:17:59.094074700+00:00,0,22,33556693,T,N,0,3.24,1,194,0,2619110253,AAPL  250516C00210000
2025-05-12 19:18:11.414805762+00:00,2025-05-12 19:18:11.414602902+00:00,0,35,33556693,T,N,0,3.2,1,194,0,2620219521,AAPL  250516C00210000
2025-05-12 19:18:21.717782521+00:00,2025-05-12 19:18:21.717579310+00:00,0,36,33556693,T,N,0,3.25,1,194,0,2621077823,AAPL  250516C00210000
2025-05-12 19:19:16.223201790+00:00,2025-05-12 19:19:16.222997988+00:00,0,36,33556693,T,N,0,3.21,2,194,0,2626246313,AAPL  250516C00210000
2025-05-12 19:19:41.361083221+00:00,2025-05-12 19:19:41.360880412+00:00,0,22,33556693,T,N,0,3.27,1,194,0,2628168840,AAPL  250516C00210000
2025-05-12 19:19:53.648581290+00:00,2025-05-12 19:19:53.648378378+00:00,0,22,33556693,T,N,0,3.2,4,194,0,2628988838,AAPL  250516C00210000
2025-05-12 19:20:00.669571406+00:00,2025-05-12 19:20:00.669368660+00:00,0,28,33556693,T,N,0,3.3,1,194,0,2629586423,AAPL  250516C00210000
2025-05-12 19:20:08.217969768+00:00,2025-05-12 19:20:08.217765927+00:00,0,25,33556693,T,N,0,3.2,1,194,0,2630127639,AAPL  250516C00210000
2025-05-12 19:20:15.655145908+00:00,2025-05-12 19:20:15.654943128+00:00,0,24,33556693,T,N,0,3.2,1,194,0,2631013994,AAPL  250516C00210000
2025-05-12 19:20:15.655251053+00:00,2025-05-12 19:20:15.655048348+00:00,0,20,33556693,T,N,0,3.2,1,194,0,2631014000,AAPL  250516C00210000
2025-05-12 19:20:37.616638908+00:00,2025-05-12 19:20:37.616435264+00:00,0,25,33556693,T,N,0,3.2,2,194,0,2633533790,AAPL  250516C00210000
2025-05-12 19:21:33.032786322+00:00,2025-05-12 19:21:33.032583146+00:00,0,20,33556693,T,N,0,3.2,2,194,0,2639665455,AAPL  250516C00210000
2025-05-12 19:21:35.754844348+00:00,2025-05-12 19:21:35.754641613+00:00,0,33,33556693,T,N,0,3.23,1,194,0,2639845705,AAPL  250516C00210000
2025-05-12 19:22:02.211164785+00:00,2025-05-12 19:22:02.210962064+00:00,0,22,33556693,T,N,0,3.22,1,194,0,2642194851,AAPL  250516C00210000
2025-05-12 19:22:15.140067035+00:00,2025-05-12 19:22:15.139863912+00:00,0,61,33556693,T,N,0,3.24,1,194,0,2643498250,AAPL  250516C00210000
2025-05-12 19:22:15.278648626+00:00,2025-05-12 19:22:15.278444800+00:00,0,24,33556693,T,N,0,3.25,1,194,0,2643521845,AAPL  250516C00210000
2025-05-12 19:22:15.278662626+00:00,2025-05-12 19:22:15.278459744+00:00,0,24,33556693,T,N,0,3.25,1,194,0,2643521852,AAPL  250516C00210000
2025-05-12 19:22:37.440066126+00:00,2025-05-12 19:22:37.439863277+00:00,0,23,33556693,T,N,0,3.25,1,194,0,2645465882,AAPL  250516C00210000
2025-05-12 19:23:01.448060429+00:00,2025-05-12 19:23:01.447857706+00:00,0,29,33556693,T,N,0,3.25,1,194,0,2647545337,AAPL  250516C00210000
2025-05-12 19:23:12.653414250+00:00,2025-05-12 19:23:12.653211652+00:00,0,28,33556693,T,N,0,3.24,25,194,0,2648657245,AAPL  250516C00210000
2025-05-12 19:23:12.653414250+00:00,2025-05-12 19:23:12.653211652+00:00,0,28,33556693,T,N,0,3.24,24,194,0,2648657246,AAPL  250516C00210000
2025-05-12 19:23:24.583645637+00:00,2025-05-12 19:23:24.583443132+00:00,0,36,33556693,T,N,0,3.2,1,194,0,2650432040,AAPL  250516C00210000
2025-05-12 19:23:37.593595915+00:00,2025-05-12 19:23:37.593393234+00:00,0,26,33556693,T,N,0,3.17,10,194,0,2651837440,AAPL  250516C00210000
2025-05-12 19:24:08.023523179+00:00,2025-05-12 19:24:08.023320397+00:00,0,36,33556693,T,N,0,3.15,4,194,0,2655282381,AAPL  250516C00210000
2025-05-12 19:24:14.843941110+00:00,2025-05-12 19:24:14.843737475+00:00,0,22,33556693,T,N,0,3.16,15,194,0,2655911868,AAPL  250516C00210000
2025-05-12 19:24:34.290682336+00:00,2025-05-12 19:24:34.290479626+00:00,0,24,33556693,T,N,0,3.1,1,194,0,2657741231,AAPL  250516C00210000
2025-05-12 19:24:39.199894836+00:00,2025-05-12 19:24:39.199691575+00:00,0,22,33556693,T,N,0,3.1,1,194,0,2658243822,AAPL  250516C00210000
2025-05-12 19:24:41.191390808+00:00,2025-05-12 19:24:41.191187921+00:00,0,28,33556693,T,N,0,3.1,1,194,0,2658485173,AAPL  250516C00210000
2025-05-12 19:24:46.513602233+00:00,2025-05-12 19:24:46.513399718+00:00,0,35,33556693,T,N,0,3.1,1,194,0,2659290339,AAPL  250516C00210000
2025-05-12 19:25:07.497215199+00:00,2025-05-12 19:25:07.497011666+00:00,0,25,33556693,T,N,0,3.05,1,194,0,2661658646,AAPL  250516C00210000
2025-05-12 19:25:24.346589282+00:00,2025-05-12 19:25:24.346386479+00:00,0,26,33556693,T,N,0,3.08,5,194,0,2663582133,AAPL  250516C00210000
2025-05-12 19:25:26.101990180+00:00,2025-05-12 19:25:26.101786862+00:00,0,28,33556693,T,N,0,3.05,200,194,0,2663748434,AAPL  250516C00210000
2025-05-12 19:25:26.101990180+00:00,2025-05-12 19:25:26.101786862+00:00,0,28,33556693,T,N,0,3.05,72,194,0,2663748435,AAPL  250516C00210000
2025-05-12 19:25:26.102009301+00:00,2025-05-12 19:25:26.101806011+00:00,0,28,33556693,T,N,0,3.05,36,194,0,2663748450,AAPL  250516C00210000
2025-05-12 19:25:26.102014346+00:00,2025-05-12 19:25:26.101811562+00:00,0,28,33556693,T,N,0,3.05,14,194,0,2663748451,AAPL  250516C00210000
2025-05-12 19:25:26.102014346+00:00,2025-05-12 19:25:26.101811562+00:00,0,28,33556693,T,N,0,3.05,10,194,0,2663748452,AAPL  250516C00210000
2025-05-12 19:25:26.102014346+00:00,2025-05-12 19:25:26.101811562+00:00,0,28,33556693,T,N,0,3.05,137,194,0,2663748453,AAPL  250516C00210000
2025-05-12 19:25:26.102021082+00:00,2025-05-12 19:25:26.101817611+00:00,0,28,33556693,T,N,0,3.05,22,194,0,2663748454,AAPL  250516C00210000
2025-05-12 19:25:26.102021082+00:00,2025-05-12 19:25:26.101817611+00:00,0,28,33556693,T,N,0,3.05,5,194,0,2663748455,AAPL  250516C00210000
2025-05-12 19:25:26.102024195+00:00,2025-05-12 19:25:26.101821504+00:00,0,28,33556693,T,N,0,3.05,2,194,0,2663748460,AAPL  250516C00210000
2025-05-12 19:25:26.102043470+00:00,2025-05-12 19:25:26.101840980+00:00,0,28,33556693,T,N,0,3.05,1,194,0,2663748476,AAPL  250516C00210000
2025-05-12 19:25:26.102048493+00:00,2025-05-12 19:25:26.101845931+00:00,0,28,33556693,T,N,0,3.05,1,194,0,2663748479,AAPL  250516C00210000
2025-05-12 19:25:31.613290975+00:00,2025-05-12 19:25:31.613087954+00:00,0,28,33556693,T,N,0,3.08,1,194,0,2664495478,AAPL  250516C00210000
2025-05-12 19:25:31.618047372+00:00,2025-05-12 19:25:31.617844206+00:00,0,29,33556693,T,N,0,3.05,5,194,0,2664499153,AAPL  250516C00210000
2025-05-12 19:25:31.618724467+00:00,2025-05-12 19:25:31.618520848+00:00,0,25,33556693,T,N,0,3.05,36,194,0,2664499685,AAPL  250516C00210000
2025-05-12 19:25:31.663921181+00:00,2025-05-12 19:25:31.663718270+00:00,0,36,33556693,T,N,0,3.02,1,194,0,2664515795,AAPL  250516C00210000
2025-05-12 19:25:55.848736844+00:00,2025-05-12 19:25:55.848534036+00:00,0,20,33556693,T,N,0,3.0,1,194,0,2667277991,AAPL  250516C00210000
2025-05-12 19:25:55.848811922+00:00,2025-05-12 19:25:55.848609249+00:00,0,28,33556693,T,N,0,3.0,1,194,0,2667278007,AAPL  250516C00210000
2025-05-12 19:25:55.849003375+00:00,2025-05-12 19:25:55.848799618+00:00,0,23,33556693,T,N,0,3.0,1,194,0,2667278139,AAPL  250516C00210000
2025-05-12 19:25:55.849263864+00:00,2025-05-12 19:25:55.849060235+00:00,0,24,33556693,T,N,0,3.0,1,194,0,2667278393,AAPL  250516C00210000
2025-05-12 19:25:55.849263864+00:00,2025-05-12 19:25:55.849060235+00:00,0,24,33556693,T,N,0,3.0,1,194,0,2667278394,AAPL  250516C00210000
2025-05-12 19:25:55.849278026+00:00,2025-05-12 19:25:55.849075267+00:00,0,22,33556693,T,N,0,3.0,1,194,0,2667278397,AAPL  250516C00210000
2025-05-12 19:25:55.856014835+00:00,2025-05-12 19:25:55.855812023+00:00,0,35,33556693,T,N,0,3.0,1,194,0,2667279989,AAPL  250516C00210000
2025-05-12 19:25:55.913035214+00:00,2025-05-12 19:25:55.912832443+00:00,0,28,33556693,T,N,0,3.0,1,194,0,2667286675,AAPL  250516C00210000
2025-05-12 19:25:56.437585438+00:00,2025-05-12 19:25:56.437382710+00:00,0,24,33556693,T,N,0,3.0,1,194,0,2667324923,AAPL  250516C00210000
2025-05-12 19:25:56.437700593+00:00,2025-05-12 19:25:56.437497959+00:00,0,20,33556693,T,N,0,3.0,1,194,0,2667324953,AAPL  250516C00210000
2025-05-12 19:25:56.437886032+00:00,2025-05-12 19:25:56.437683408+00:00,0,25,33556693,T,N,0,3.0,3,194,0,2667324967,AAPL  250516C00210000
2025-05-12 19:25:59.705286716+00:00,2025-05-12 19:25:59.705081574+00:00,0,22,33556693,T,N,0,3.1,5,194,0,2667722111,AAPL  250516C00210000
2025-05-12 19:26:01.341460070+00:00,2025-05-12 19:26:01.341257315+00:00,0,37,33556693,T,N,0,3.0,1,194,0,2667848163,AAPL  250516C00210000
2025-05-12 19:26:01.341740945+00:00,2025-05-12 19:26:01.341538168+00:00,0,27,33556693,T,N,0,3.0,1,194,0,2667848197,AAPL  250516C00210000
2025-05-12 19:26:16.069198605+00:00,2025-05-12 19:26:16.068995870+00:00,0,36,33556693,T,N,0,3.0,5,194,0,2669426912,AAPL  250516C00210000
2025-05-12 19:26:16.069400186+00:00,2025-05-12 19:26:16.069197287+00:00,0,32,33556693,T,N,0,3.02,2,194,0,2669426939,AAPL  250516C00210000
2025-05-12 19:26:16.069400186+00:00,2025-05-12 19:26:16.069197287+00:00,0,32,33556693,T,N,0,3.0,1,194,0,2669426940,AAPL  250516C00210000
2025-05-12 19:26:16.069629801+00:00,2025-05-12 19:26:16.069426910+00:00,0,27,33556693,T,N,0,3.0,4,194,0,2669426986,AAPL  250516C00210000
2025-05-12 19:26:16.105064240+00:00,2025-05-12 19:26:16.104861338+00:00,0,20,33556693,T,N,0,2.99,1,194,0,2669434792,AAPL  250516C00210000
2025-05-12 19:26:18.563047952+00:00,2025-05-12 19:26:18.562845129+00:00,0,29,33556693,T,N,0,2.98,1,194,0,2669758259,AAPL  250516C00210000
2025-05-12 19:26:18.636568066+00:00,2025-05-12 19:26:18.636365414+00:00,0,35,33556693,T,N,0,2.99,4,194,0,2669765308,AAPL  250516C00210000
2025-05-12 19:26:19.196593812+00:00,2025-05-12 19:26:19.196390961+00:00,0,23,33556693,T,N,0,2.98,1,194,0,2669804868,AAPL  250516C00210000
2025-05-12 19:26:22.093560382+00:00,2025-05-12 19:26:22.093355380+00:00,0,35,33556693,T,N,0,2.98,1,194,0,2670239050,AAPL  250516C00210000
2025-05-12 19:26:31.380569335+00:00,2025-05-12 19:26:31.380366739+00:00,0,35,33556693,T,N,0,2.97,1,194,0,2671223000,AAPL  250516C00210000
2025-05-12 19:26:32.943845810+00:00,2025-05-12 19:26:32.943642873+00:00,0,25,33556693,T,N,0,2.98,1,194,0,2671478496,AAPL  250516C00210000
2025-05-12 19:26:33.812461080+00:00,2025-05-12 19:26:33.812258203+00:00,0,22,33556693,T,N,0,2.97,1,194,0,2671555010,AAPL  250516C00210000
2025-05-12 19:26:33.812636410+00:00,2025-05-12 19:26:33.812433573+00:00,0,21,33556693,T,N,0,2.97,1,194,0,2671555035,AAPL  250516C00210000
2025-05-12 19:26:44.894208027+00:00,2025-05-12 19:26:44.894003833+00:00,0,28,33556693,T,N,0,2.97,2,194,0,2672378693,AAPL  250516C00210000
2025-05-12 19:26:46.409396487+00:00,2025-05-12 19:26:46.409193756+00:00,0,25,33556693,T,N,0,2.97,1,194,0,2672528301,AAPL  250516C00210000
2025-05-12 19:26:47.707857982+00:00,2025-05-12 19:26:47.707654382+00:00,0,29,33556693,T,N,0,2.95,1,194,0,2672668068,AAPL  250516C00210000
2025-05-12 19:26:47.707857982+00:00,2025-05-12 19:26:47.707654382+00:00,0,29,33556693,T,N,0,2.95,2,194,0,2672668069,AAPL  250516C00210000
2025-05-12 19:26:47.768541093+00:00,2025-05-12 19:26:47.768338385+00:00,0,22,33556693,T,N,0,2.95,20,194,0,2672681826,AAPL  250516C00210000
2025-05-12 19:26:48.582511216+00:00,2025-05-12 19:26:48.582308625+00:00,0,23,33556693,T,N,0,2.95,1,194,0,2672795685,AAPL  250516C00210000
2025-05-12 19:26:53.254562451+00:00,2025-05-12 19:26:53.254359772+00:00,0,35,33556693,T,N,0,2.95,25,194,0,2673241622,AAPL  250516C00210000
2025-05-12 19:26:54.526614539+00:00,2025-05-12 19:26:54.526411835+00:00,0,36,33556693,T,N,0,2.94,4,194,0,2673436922,AAPL  250516C00210000
2025-05-12 19:26:54.774530365+00:00,2025-05-12 19:26:54.774327764+00:00,0,21,33556693,T,N,0,2.94,1,194,0,2673463453,AAPL  250516C00210000
2025-05-12 19:26:59.141183591+00:00,2025-05-12 19:26:59.140980860+00:00,0,28,33556693,T,N,0,2.95,2,194,0,2673976176,AAPL  250516C00210000
2025-05-12 19:27:02.904859610+00:00,2025-05-12 19:27:02.904657051+00:00,0,20,33556693,T,N,0,2.94,1,194,0,2674390139,AAPL  250516C00210000
2025-05-12 19:27:04.188579662+00:00,2025-05-12 19:27:04.188376882+00:00,0,37,33556693,T,N,0,2.9,1,194,0,2674563669,AAPL  250516C00210000
2025-05-12 19:27:04.644601360+00:00,2025-05-12 19:27:04.644398862+00:00,0,28,33556693,T,N,0,2.9,1,194,0,2674758274,AAPL  250516C00210000
2025-05-12 19:27:04.723590056+00:00,2025-05-12 19:27:04.723387436+00:00,0,26,33556693,T,N,0,2.9,1,194,0,2674776548,AAPL  250516C00210000
2025-05-12 19:27:05.937238893+00:00,2025-05-12 19:27:05.937035108+00:00,0,35,33556693,T,N,0,2.9,4,194,0,2675025987,AAPL  250516C00210000
2025-05-12 19:27:05.958633395+00:00,2025-05-12 19:27:05.958431104+00:00,0,35,33556693,T,N,0,2.9,4,194,0,2675027696,AAPL  250516C00210000
2025-05-12 19:27:05.975468559+00:00,2025-05-12 19:27:05.975266207+00:00,0,35,33556693,T,N,0,2.9,4,194,0,2675028632,AAPL  250516C00210000
2025-05-12 19:27:06.612857780+00:00,2025-05-12 19:27:06.612655586+00:00,0,37,33556693,T,N,0,2.9,4,194,0,2675092947,AAPL  250516C00210000
2025-05-12 19:27:06.895706955+00:00,2025-05-12 19:27:06.895504558+00:00,0,21,33556693,T,N,0,2.89,5,194,0,2675150131,AAPL  250516C00210000
2025-05-12 19:27:06.994577750+00:00,2025-05-12 19:27:06.994375244+00:00,0,28,33556693,T,N,0,2.9,1,194,0,2675156354,AAPL  250516C00210000
2025-05-12 19:27:06.995312109+00:00,2025-05-12 19:27:06.995107692+00:00,0,24,33556693,T,N,0,2.89,1,194,0,2675156393,AAPL  250516C00210000
2025-05-12 19:27:06.995312109+00:00,2025-05-12 19:27:06.995107692+00:00,0,24,33556693,T,N,0,2.89,1,194,0,2675156400,AAPL  250516C00210000
2025-05-12 19:27:06.995312109+00:00,2025-05-12 19:27:06.995107692+00:00,0,24,33556693,T,N,0,2.89,1,194,0,2675156401,AAPL  250516C00210000
2025-05-12 19:27:08.833255352+00:00,2025-05-12 19:27:08.833052913+00:00,0,28,33556693,T,N,0,2.89,1,194,0,2675398970,AAPL  250516C00210000
2025-05-12 19:27:09.056958739+00:00,2025-05-12 19:27:09.056756087+00:00,0,25,33556693,T,N,0,2.9,1,194,0,2675418169,AAPL  250516C00210000
2025-05-12 19:27:10.896207899+00:00,2025-05-12 19:27:10.896005205+00:00,0,22,33556693,T,N,0,2.9,8,194,0,2675637847,AAPL  250516C00210000
2025-05-12 19:27:12.348955382+00:00,2025-05-12 19:27:12.348752610+00:00,0,28,33556693,T,N,0,2.9,1,194,0,2675817026,AAPL  250516C00210000
2025-05-12 19:27:12.738528749+00:00,2025-05-12 19:27:12.738326142+00:00,0,22,33556693,T,N,0,2.91,3,194,0,2675846913,AAPL  250516C00210000
2025-05-12 19:27:15.242143693+00:00,2025-05-12 19:27:15.241940060+00:00,0,28,33556693,T,N,0,2.91,1,194,0,2676107745,AAPL  250516C00210000
2025-05-12 19:27:15.242143693+00:00,2025-05-12 19:27:15.241940060+00:00,0,28,33556693,T,N,0,2.91,4,194,0,2676107746,AAPL  250516C00210000
2025-05-12 19:27:20.967369184+00:00,2025-05-12 19:27:20.967165034+00:00,0,25,33556693,T,N,0,2.88,5,194,0,2676923521,AAPL  250516C00210000
2025-05-12 19:27:29.737523395+00:00,2025-05-12 19:27:29.737320041+00:00,0,29,33556693,T,N,0,2.87,19,194,0,2678145791,AAPL  250516C00210000
2025-05-12 19:27:29.737523395+00:00,2025-05-12 19:27:29.737320041+00:00,0,29,33556693,T,N,0,2.87,7,194,0,2678145792,AAPL  250516C00210000
2025-05-12 19:27:29.737558979+00:00,2025-05-12 19:27:29.737356148+00:00,0,20,33556693,T,N,0,2.87,7,194,0,2678145811,AAPL  250516C00210000
2025-05-12 19:27:29.737564589+00:00,2025-05-12 19:27:29.737360832+00:00,0,29,33556693,T,N,0,2.87,1,194,0,2678145818,AAPL  250516C00210000
2025-05-12 19:27:29.737689100+00:00,2025-05-12 19:27:29.737485697+00:00,0,26,33556693,T,N,0,2.87,2,194,0,2678145902,AAPL  250516C00210000
2025-05-12 19:27:29.737700013+00:00,2025-05-12 19:27:29.737496493+00:00,0,32,33556693,T,N,0,2.87,5,194,0,2678145910,AAPL  250516C00210000
2025-05-12 19:27:29.737724436+00:00,2025-05-12 19:27:29.737520639+00:00,0,33,33556693,T,N,0,2.87,12,194,0,2678145946,AAPL  250516C00210000
2025-05-12 19:27:29.737738551+00:00,2025-05-12 19:27:29.737535223+00:00,0,36,33556693,T,N,0,2.87,10,194,0,2678145971,AAPL  250516C00210000
2025-05-12 19:27:29.737745138+00:00,2025-05-12 19:27:29.737541711+00:00,0,36,33556693,T,N,0,2.87,7,194,0,2678145976,AAPL  250516C00210000
2025-05-12 19:27:29.737756886+00:00,2025-05-12 19:27:29.737552775+00:00,0,36,33556693,T,N,0,2.87,4,194,0,2678145987,AAPL  250516C00210000
2025-05-12 19:27:29.737765422+00:00,2025-05-12 19:27:29.737561744+00:00,0,25,33556693,T,N,0,2.87,8,194,0,2678146015,AAPL  250516C00210000
2025-05-12 19:27:29.737809092+00:00,2025-05-12 19:27:29.737605427+00:00,0,34,33556693,T,N,0,2.87,1,194,0,2678146106,AAPL  250516C00210000
2025-05-12 19:27:29.737906828+00:00,2025-05-12 19:27:29.737702654+00:00,0,24,33556693,T,N,0,2.87,2,194,0,2678146286,AAPL  250516C00210000
2025-05-12 19:27:29.737983510+00:00,2025-05-12 19:27:29.737780820+00:00,0,31,33556693,T,N,0,2.87,6,194,0,2678146517,AAPL  250516C00210000
2025-05-12 19:27:29.738099568+00:00,2025-05-12 19:27:29.737896266+00:00,0,23,33556693,T,N,0,2.87,1,194,0,2678146805,AAPL  250516C00210000
2025-05-12 19:27:29.738181885+00:00,2025-05-12 19:27:29.737977987+00:00,0,31,33556693,T,N,0,2.87,1,194,0,2678146977,AAPL  250516C00210000
2025-05-12 19:27:29.738542956+00:00,2025-05-12 19:27:29.738339475+00:00,0,29,33556693,T,N,0,2.87,6,194,0,2678147807,AAPL  250516C00210000
2025-05-12 19:27:29.738857988+00:00,2025-05-12 19:27:29.738654411+00:00,0,29,33556693,T,N,0,2.87,1,194,0,2678148579,AAPL  250516C00210000
2025-05-12 19:27:29.738897380+00:00,2025-05-12 19:27:29.738693955+00:00,0,28,33556693,T,N,0,2.87,3,194,0,2678148642,AAPL  250516C00210000
2025-05-12 19:27:29.740740675+00:00,2025-05-12 19:27:29.740537253+00:00,0,32,33556693,T,N,0,2.87,1,194,0,2678151772,AAPL  250516C00210000
2025-05-12 19:27:29.924069677+00:00,2025-05-12 19:27:29.923866038+00:00,0,29,33556693,T,N,0,2.88,1,194,0,2678231551,AAPL  250516C00210000
2025-05-12 19:27:30.085341137+00:00,2025-05-12 19:27:30.085138567+00:00,0,29,33556693,T,N,0,2.88,1,194,0,2678258321,AAPL  250516C00210000
2025-05-12 19:27:30.085638619+00:00,2025-05-12 19:27:30.085435090+00:00,0,29,33556693,T,N,0,2.88,1,194,0,2678258456,AAPL  250516C00210000
2025-05-12 19:27:30.085819451+00:00,2025-05-12 19:27:30.085616110+00:00,0,29,33556693,T,N,0,2.88,1,194,0,2678258699,AAPL  250516C00210000
2025-05-12 19:27:30.086080182+00:00,2025-05-12 19:27:30.085876530+00:00,0,29,33556693,T,N,0,2.88,1,194,0,2678259052,AAPL  250516C00210000
2025-05-12 19:27:30.461538156+00:00,2025-05-12 19:27:30.461335555+00:00,0,21,33556693,T,N,0,2.88,1,194,0,2678315369,AAPL  250516C00210000
2025-05-12 19:27:31.143232736+00:00,2025-05-12 19:27:31.143030083+00:00,0,32,33556693,T,N,0,2.87,1,194,0,2678394203,AAPL  250516C00210000
2025-05-12 19:27:38.733234118+00:00,2025-05-12 19:27:38.733031297+00:00,0,28,33556693,T,N,0,2.85,1,194,0,2679320655,AAPL  250516C00210000
2025-05-12 19:27:42.806162634+00:00,2025-05-12 19:27:42.805959610+00:00,0,29,33556693,T,N,0,2.87,2,194,0,2679771540,AAPL  250516C00210000
2025-05-12 19:27:43.232202586+00:00,2025-05-12 19:27:43.232000080+00:00,0,20,33556693,T,N,0,2.85,1,194,0,2679813846,AAPL  250516C00210000
2025-05-12 19:27:43.232217735+00:00,2025-05-12 19:27:43.232015021+00:00,0,29,33556693,T,N,0,2.86,23,194,0,2679813850,AAPL  250516C00210000
2025-05-12 19:27:43.332742361+00:00,2025-05-12 19:27:43.332539716+00:00,0,28,33556693,T,N,0,2.86,1,194,0,2679819576,AAPL  250516C00210000
2025-05-12 19:27:46.145318940+00:00,2025-05-12 19:27:46.145115117+00:00,0,29,33556693,T,N,0,2.88,15,194,0,2680218172,AAPL  250516C00210000
2025-05-12 19:27:46.145318940+00:00,2025-05-12 19:27:46.145115117+00:00,0,29,33556693,T,N,0,2.88,1,194,0,2680218173,AAPL  250516C00210000
2025-05-12 19:27:46.158748929+00:00,2025-05-12 19:27:46.158545829+00:00,0,61,33556693,T,N,0,2.9,25,194,0,2680236547,AAPL  250516C00210000
2025-05-12 19:27:57.047823305+00:00,2025-05-12 19:27:57.047620662+00:00,0,31,33556693,T,N,0,2.88,1,194,0,2682041649,AAPL  250516C00210000
2025-05-12 19:27:57.214570708+00:00,2025-05-12 19:27:57.214368348+00:00,0,35,33556693,T,N,0,2.89,25,194,0,2682061407,AAPL  250516C00210000
2025-05-12 19:27:58.020592098+00:00,2025-05-12 19:27:58.020389564+00:00,0,26,33556693,T,N,0,2.88,1,194,0,2682139618,AAPL  250516C00210000
2025-05-12 19:27:58.021764868+00:00,2025-05-12 19:27:58.021562035+00:00,0,28,33556693,T,N,0,2.88,1,194,0,2682139746,AAPL  250516C00210000
2025-05-12 19:27:58.022100274+00:00,2025-05-12 19:27:58.021897903+00:00,0,22,33556693,T,N,0,2.88,1,194,0,2682139784,AAPL  250516C00210000
2025-05-12 19:27:58.022526508+00:00,2025-05-12 19:27:58.022323876+00:00,0,24,33556693,T,N,0,2.88,1,194,0,2682139853,AAPL  250516C00210000
2025-05-12 19:28:02.572035451+00:00,2025-05-12 19:28:02.571832687+00:00,0,37,33556693,T,N,0,2.88,70,194,0,2682730351,AAPL  250516C00210000
2025-05-12 19:28:02.584697682+00:00,2025-05-12 19:28:02.584493864+00:00,0,37,33556693,T,N,0,2.88,15,194,0,2682737353,AAPL  250516C00210000
2025-05-12 19:28:02.585352961+00:00,2025-05-12 19:28:02.585149336+00:00,0,37,33556693,T,N,0,2.87,1,194,0,2682738476,AAPL  250516C00210000
2025-05-12 19:28:10.894568255+00:00,2025-05-12 19:28:10.894365823+00:00,0,35,33556693,T,N,0,2.89,5,194,0,2683913131,AAPL  250516C00210000
2025-05-12 19:28:15.050170233+00:00,2025-05-12 19:28:15.049965820+00:00,0,29,33556693,T,N,0,2.9,25,194,0,2684291559,AAPL  250516C00210000
2025-05-12 19:28:16.314923517+00:00,2025-05-12 19:28:16.314720693+00:00,0,20,33556693,T,N,0,2.9,1,194,0,2684512659,AAPL  250516C00210000
2025-05-12 19:28:29.374506180+00:00,2025-05-12 19:28:29.374303390+00:00,0,24,33556693,T,N,0,2.9,1,194,0,2685961073,AAPL  250516C00210000
2025-05-12 19:28:29.374576917+00:00,2025-05-12 19:28:29.374374224+00:00,0,29,33556693,T,N,0,2.89,1,194,0,2685961081,AAPL  250516C00210000
2025-05-12 19:28:38.604885346+00:00,2025-05-12 19:28:38.604680421+00:00,0,25,33556693,T,N,0,2.9,15,194,0,2686924942,AAPL  250516C00210000
2025-05-12 19:28:39.609957864+00:00,2025-05-12 19:28:39.609755156+00:00,0,28,33556693,T,N,0,2.92,1,194,0,2687019158,AAPL  250516C00210000
2025-05-12 19:28:41.715301609+00:00,2025-05-12 19:28:41.715098760+00:00,0,36,33556693,T,N,0,2.92,10,194,0,2687329620,AAPL  250516C00210000
2025-05-12 19:28:45.925496387+00:00,2025-05-12 19:28:45.925293448+00:00,0,34,33556693,T,N,0,2.91,2,194,0,2687788482,AAPL  250516C00210000
2025-05-12 19:28:55.677171111+00:00,2025-05-12 19:28:55.676967636+00:00,0,37,33556693,T,N,0,2.87,1,194,0,2688987808,AAPL  250516C00210000
2025-05-12 19:29:02.488114682+00:00,2025-05-12 19:29:02.487912002+00:00,0,28,33556693,T,N,0,2.84,1,194,0,2689981618,AAPL  250516C00210000
2025-05-12 19:29:03.461479621+00:00,2025-05-12 19:29:03.461277074+00:00,0,29,33556693,T,N,0,2.8,1,194,0,2690175217,AAPL  250516C00210000
2025-05-12 19:29:04.175236453+00:00,2025-05-12 19:29:04.175033773+00:00,0,36,33556693,T,N,0,2.81,1,194,0,2690261503,AAPL  250516C00210000
2025-05-12 19:29:05.847020768+00:00,2025-05-12 19:29:05.846817803+00:00,0,29,33556693,T,N,0,2.82,1,194,0,2690423768,AAPL  250516C00210000
2025-05-12 19:29:10.174891703+00:00,2025-05-12 19:29:10.174688990+00:00,0,28,33556693,T,N,0,2.81,1,194,0,2690818968,AAPL  250516C00210000
2025-05-12 19:29:14.252585956+00:00,2025-05-12 19:29:14.252383260+00:00,0,26,33556693,T,N,0,2.83,2,194,0,2691202474,AAPL  250516C00210000
2025-05-12 19:29:25.119848790+00:00,2025-05-12 19:29:25.119646225+00:00,0,21,33556693,T,N,0,2.87,1,194,0,2692337091,AAPL  250516C00210000
2025-05-12 19:29:25.121232279+00:00,2025-05-12 19:29:25.121029698+00:00,0,28,33556693,T,N,0,2.87,8,194,0,2692337207,AAPL  250516C00210000
2025-05-12 19:29:25.121237163+00:00,2025-05-12 19:29:25.121034453+00:00,0,28,33556693,T,N,0,2.87,5,194,0,2692337208,AAPL  250516C00210000
2025-05-12 19:29:25.121237163+00:00,2025-05-12 19:29:25.121034453+00:00,0,28,33556693,T,N,0,2.87,5,194,0,2692337209,AAPL  250516C00210000
2025-05-12 19:29:25.121267196+00:00,2025-05-12 19:29:25.121064611+00:00,0,28,33556693,T,N,0,2.87,1,194,0,2692337212,AAPL  250516C00210000
2025-05-12 19:29:25.730850174+00:00,2025-05-12 19:29:25.730647664+00:00,0,20,33556693,T,N,0,2.85,1,194,0,2692451790,AAPL  250516C00210000
2025-05-12 19:29:25.730950373+00:00,2025-05-12 19:29:25.730747912+00:00,0,28,33556693,T,N,0,2.85,1,194,0,2692451807,AAPL  250516C00210000
2025-05-12 19:29:25.731045877+00:00,2025-05-12 19:29:25.730843180+00:00,0,27,33556693,T,N,0,2.85,1,194,0,2692451891,AAPL  250516C00210000
2025-05-12 19:29:25.731045877+00:00,2025-05-12 19:29:25.730843180+00:00,0,25,33556693,T,N,0,2.85,1,194,0,2692451893,AAPL  250516C00210000
2025-05-12 19:29:25.831860975+00:00,2025-05-12 19:29:25.831658479+00:00,0,27,33556693,T,N,0,2.85,16,194,0,2692461313,AAPL  250516C00210000
2025-05-12 19:29:30.027698766+00:00,2025-05-12 19:29:30.027494476+00:00,0,36,33556693,T,N,0,2.86,1,194,0,2692837979,AAPL  250516C00210000
2025-05-12 19:29:34.755391438+00:00,2025-05-12 19:29:34.755185882+00:00,0,37,33556693,T,N,0,2.85,1,194,0,2693279653,AAPL  250516C00210000
2025-05-12 19:29:35.095396340+00:00,2025-05-12 19:29:35.095193604+00:00,0,28,33556693,T,N,0,2.87,1,194,0,2693336834,AAPL  250516C00210000
2025-05-12 19:29:40.763423469+00:00,2025-05-12 19:29:40.763219540+00:00,0,32,33556693,T,N,0,2.85,1,194,0,2693878381,AAPL  250516C00210000
2025-05-12 19:29:42.347111213+00:00,2025-05-12 19:29:42.346908518+00:00,0,28,33556693,T,N,0,2.86,20,194,0,2694013563,AAPL  250516C00210000
2025-05-12 19:29:42.347117348+00:00,2025-05-12 19:29:42.346913524+00:00,0,28,33556693,T,N,0,2.86,10,194,0,2694013575,AAPL  250516C00210000
2025-05-12 19:29:42.347147356+00:00,2025-05-12 19:29:42.346943923+00:00,0,28,33556693,T,N,0,2.86,1,194,0,2694013580,AAPL  250516C00210000
2025-05-12 19:29:42.347147356+00:00,2025-05-12 19:29:42.346943923+00:00,0,28,33556693,T,N,0,2.86,7,194,0,2694013581,AAPL  250516C00210000
2025-05-12 19:29:42.347147356+00:00,2025-05-12 19:29:42.346943923+00:00,0,28,33556693,T,N,0,2.86,7,194,0,2694013582,AAPL  250516C00210000
2025-05-12 19:29:42.347147356+00:00,2025-05-12 19:29:42.346943923+00:00,0,28,33556693,T,N,0,2.86,3,194,0,2694013583,AAPL  250516C00210000
2025-05-12 19:29:42.347151383+00:00,2025-05-12 19:29:42.346948685+00:00,0,28,33556693,T,N,0,2.86,1,194,0,2694013585,AAPL  250516C00210000
2025-05-12 19:29:42.347176989+00:00,2025-05-12 19:29:42.346973685+00:00,0,28,33556693,T,N,0,2.86,1,194,0,2694013590,AAPL  250516C00210000
2025-05-12 19:29:44.685003841+00:00,2025-05-12 19:29:44.684800995+00:00,0,24,33556693,T,N,0,2.87,1,194,0,2694226975,AAPL  250516C00210000
2025-05-12 19:29:44.685044691+00:00,2025-05-12 19:29:44.684841814+00:00,0,20,33556693,T,N,0,2.87,4,194,0,2694226976,AAPL  250516C00210000
2025-05-12 19:30:01.420794661+00:00,2025-05-12 19:30:01.420592257+00:00,0,29,33556693,T,N,0,2.86,1,194,0,2696177487,AAPL  250516C00210000
2025-05-12 19:30:01.681292036+00:00,2025-05-12 19:30:01.681088364+00:00,0,29,33556693,T,N,0,2.86,1,194,0,2696246353,AAPL  250516C00210000
2025-05-12 19:30:03.036591370+00:00,2025-05-12 19:30:03.036388459+00:00,0,35,33556693,T,N,0,2.87,1,194,0,2696462225,AAPL  250516C00210000
2025-05-12 19:30:06.680077495+00:00,2025-05-12 19:30:06.679873900+00:00,0,20,33556693,T,N,0,2.88,1,194,0,2696940511,AAPL  250516C00210000
2025-05-12 19:30:06.680077495+00:00,2025-05-12 19:30:06.679873900+00:00,0,20,33556693,T,N,0,2.88,1,194,0,2696940512,AAPL  250516C00210000
2025-05-12 19:30:17.408177593+00:00,2025-05-12 19:30:17.407973876+00:00,0,36,33556693,T,N,0,2.91,20,194,0,2698482528,AAPL  250516C00210000
2025-05-12 19:30:26.018835858+00:00,2025-05-12 19:30:26.018632951+00:00,0,22,33556693,T,N,0,2.93,1,194,0,2699879570,AAPL  250516C00210000
2025-05-12 19:30:33.217203819+00:00,2025-05-12 19:30:33.217001006+00:00,0,20,33556693,T,N,0,2.93,1,194,0,2701137038,AAPL  250516C00210000
2025-05-12 19:30:33.584023098+00:00,2025-05-12 19:30:33.583820433+00:00,0,29,33556693,T,N,0,2.92,1,194,0,2701199211,AAPL  250516C00210000
2025-05-12 19:30:38.776290524+00:00,2025-05-12 19:30:38.776087038+00:00,0,29,33556693,T,N,0,2.91,1,194,0,2701829905,AAPL  250516C00210000
2025-05-12 19:30:49.919580116+00:00,2025-05-12 19:30:49.919377490+00:00,0,35,33556693,T,N,0,2.9,1,194,0,2703191274,AAPL  250516C00210000
2025-05-12 19:30:50.411598544+00:00,2025-05-12 19:30:50.411395757+00:00,0,35,33556693,T,N,0,2.91,2,194,0,2703301895,AAPL  250516C00210000
2025-05-12 19:30:50.676699498+00:00,2025-05-12 19:30:50.676496879+00:00,0,28,33556693,T,N,0,2.91,6,194,0,2703339889,AAPL  250516C00210000
2025-05-12 19:30:51.212376467+00:00,2025-05-12 19:30:51.212173794+00:00,0,28,33556693,T,N,0,2.92,2,194,0,2703412112,AAPL  250516C00210000
2025-05-12 19:30:59.081093057+00:00,2025-05-12 19:30:59.080890373+00:00,0,28,33556693,T,N,0,2.89,1,194,0,2704324214,AAPL  250516C00210000
2025-05-12 19:31:00.850359330+00:00,2025-05-12 19:31:00.850156270+00:00,0,23,33556693,T,N,0,2.89,1,194,0,2704469944,AAPL  250516C00210000
2025-05-12 19:31:00.950342546+00:00,2025-05-12 19:31:00.950139703+00:00,0,28,33556693,T,N,0,2.89,1,194,0,2704477063,AAPL  250516C00210000
2025-05-12 19:31:11.227486254+00:00,2025-05-12 19:31:11.227282600+00:00,0,23,33556693,T,N,0,2.89,1,194,0,2705710669,AAPL  250516C00210000
2025-05-12 19:31:37.157340589+00:00,2025-05-12 19:31:37.157137776+00:00,0,29,33556693,T,N,0,2.9,2,194,0,2708508135,AAPL  250516C00210000
2025-05-12 19:31:37.166868831+00:00,2025-05-12 19:31:37.166664615+00:00,0,32,33556693,T,N,0,2.9,1,194,0,2708517976,AAPL  250516C00210000
2025-05-12 19:31:42.889778018+00:00,2025-05-12 19:31:42.889575315+00:00,0,22,33556693,T,N,0,2.91,25,194,0,2709327208,AAPL  250516C00210000
2025-05-12 19:31:42.889783632+00:00,2025-05-12 19:31:42.889580879+00:00,0,22,33556693,T,N,0,2.91,25,194,0,2709327209,AAPL  250516C00210000
2025-05-12 19:32:06.543593958+00:00,2025-05-12 19:32:06.543391045+00:00,0,26,33556693,T,N,0,2.93,1,194,0,2711873266,AAPL  250516C00210000
2025-05-12 19:32:18.486487242+00:00,2025-05-12 19:32:18.486283501+00:00,0,29,33556693,T,N,0,2.91,1,194,0,2713199373,AAPL  250516C00210000
2025-05-12 19:32:31.593559163+00:00,2025-05-12 19:32:31.593355648+00:00,0,31,33556693,T,N,0,2.95,2,194,0,2715148398,AAPL  250516C00210000
2025-05-12 19:32:43.820972066+00:00,2025-05-12 19:32:43.820768987+00:00,0,28,33556693,T,N,0,2.95,1,194,0,2716621651,AAPL  250516C00210000
2025-05-12 19:33:00.382337294+00:00,2025-05-12 19:33:00.382134407+00:00,0,22,33556693,T,N,0,2.97,10,194,0,2718366075,AAPL  250516C00210000
2025-05-12 19:33:05.058103823+00:00,2025-05-12 19:33:05.057899946+00:00,0,26,33556693,T,N,0,2.93,1,194,0,2719063387,AAPL  250516C00210000
2025-05-12 19:33:05.283990656+00:00,2025-05-12 19:33:05.283788054+00:00,0,28,33556693,T,N,0,2.92,13,194,0,2719151507,AAPL  250516C00210000
2025-05-12 19:33:05.283990656+00:00,2025-05-12 19:33:05.283788054+00:00,0,28,33556693,T,N,0,2.92,12,194,0,2719151508,AAPL  250516C00210000
2025-05-12 19:33:08.673469557+00:00,2025-05-12 19:33:08.673266973+00:00,0,29,33556693,T,N,0,2.9,10,194,0,2719564755,AAPL  250516C00210000
2025-05-12 19:33:12.518514824+00:00,2025-05-12 19:33:12.518312080+00:00,0,23,33556693,T,N,0,2.92,2,194,0,2720077367,AAPL  250516C00210000
2025-05-12 19:33:42.572104479+00:00,2025-05-12 19:33:42.571901780+00:00,0,26,33556693,T,N,0,2.96,3,194,0,2723297096,AAPL  250516C00210000
2025-05-12 19:33:42.646883696+00:00,2025-05-12 19:33:42.646680416+00:00,0,23,33556693,T,N,0,2.95,10,194,0,2723306039,AAPL  250516C00210000
2025-05-12 19:33:50.428560674+00:00,2025-05-12 19:33:50.428358114+00:00,0,35,33556693,T,N,0,2.96,2,194,0,2723955605,AAPL  250516C00210000
2025-05-12 19:34:18.052439381+00:00,2025-05-12 19:34:18.052236499+00:00,0,21,33556693,T,N,0,2.96,2,194,0,2727617852,AAPL  250516C00210000
2025-05-12 19:34:18.152021443+00:00,2025-05-12 19:34:18.151818728+00:00,0,22,33556693,T,N,0,2.97,3,194,0,2727627848,AAPL  250516C00210000
2025-05-12 19:34:23.198637213+00:00,2025-05-12 19:34:23.198433127+00:00,0,27,33556693,T,N,0,2.99,1,194,0,2728126075,AAPL  250516C00210000
2025-05-12 19:34:38.009159181+00:00,2025-05-12 19:34:38.008954926+00:00,0,29,33556693,T,N,0,2.97,1,194,0,2729426293,AAPL  250516C00210000
2025-05-12 19:34:59.898592366+00:00,2025-05-12 19:34:59.898389584+00:00,0,26,33556693,T,N,0,2.98,10,194,0,2731611898,AAPL  250516C00210000
2025-05-12 19:35:00.557790188+00:00,2025-05-12 19:35:00.557586073+00:00,0,22,33556693,T,N,0,2.99,1,194,0,2731680117,AAPL  250516C00210000
2025-05-12 19:35:02.087622835+00:00,2025-05-12 19:35:02.087417901+00:00,0,22,33556693,T,N,0,2.97,1,194,0,2731853957,AAPL  250516C00210000
2025-05-12 19:35:13.069301291+00:00,2025-05-12 19:35:13.069098434+00:00,0,29,33556693,T,N,0,2.99,5,194,0,2733137567,AAPL  250516C00210000
2025-05-12 19:35:21.583685298+00:00,2025-05-12 19:35:21.583482259+00:00,0,24,33556693,T,N,0,2.96,1,194,0,2733896937,AAPL  250516C00210000
2025-05-12 19:35:21.583710696+00:00,2025-05-12 19:35:21.583507372+00:00,0,20,33556693,T,N,0,2.96,1,194,0,2733896940,AAPL  250516C00210000
2025-05-12 19:35:21.583910880+00:00,2025-05-12 19:35:21.583707867+00:00,0,25,33556693,T,N,0,2.96,1,194,0,2733896963,AAPL  250516C00210000
2025-05-12 19:35:21.584046763+00:00,2025-05-12 19:35:21.583843727+00:00,0,23,33556693,T,N,0,2.96,1,194,0,2733896980,AAPL  250516C00210000
2025-05-12 19:35:21.684004905+00:00,2025-05-12 19:35:21.683801314+00:00,0,28,33556693,T,N,0,2.96,1,194,0,2733908994,AAPL  250516C00210000
2025-05-12 19:35:26.821154613+00:00,2025-05-12 19:35:26.820951767+00:00,0,28,33556693,T,N,0,2.97,1,194,0,2734362541,AAPL  250516C00210000
2025-05-12 19:35:43.404281513+00:00,2025-05-12 19:35:43.404078624+00:00,0,29,33556693,T,N,0,2.98,1,194,0,2735608425,AAPL  250516C00210000
2025-05-12 19:35:43.404281513+00:00,2025-05-12 19:35:43.404078624+00:00,0,29,33556693,T,N,0,2.98,25,194,0,2735608426,AAPL  250516C00210000
2025-05-12 19:35:51.115291375+00:00,2025-05-12 19:35:51.115088229+00:00,0,29,33556693,T,N,0,2.99,1,194,0,2736253361,AAPL  250516C00210000
2025-05-12 19:35:53.128058417+00:00,2025-05-12 19:35:53.127851109+00:00,0,20,33556693,T,N,0,2.98,5,194,0,2736560236,AAPL  250516C00210000
2025-05-12 19:35:53.128058417+00:00,2025-05-12 19:35:53.127851109+00:00,0,20,33556693,T,N,0,2.98,6,194,0,2736560237,AAPL  250516C00210000
2025-05-12 19:35:53.128148464+00:00,2025-05-12 19:35:53.127941110+00:00,0,28,33556693,T,N,0,2.98,10,194,0,2736560244,AAPL  250516C00210000
2025-05-12 19:35:53.128183834+00:00,2025-05-12 19:35:53.127981190+00:00,0,28,33556693,T,N,0,2.98,3,194,0,2736560246,AAPL  250516C00210000
2025-05-12 19:35:53.128183834+00:00,2025-05-12 19:35:53.127981190+00:00,0,28,33556693,T,N,0,2.98,1,194,0,2736560247,AAPL  250516C00210000
2025-05-12 19:35:55.741390335+00:00,2025-05-12 19:35:55.741186665+00:00,0,29,33556693,T,N,0,2.96,1,194,0,2737042366,AAPL  250516C00210000
2025-05-12 19:35:55.741404618+00:00,2025-05-12 19:35:55.741200665+00:00,0,29,33556693,T,N,0,2.96,2,194,0,2737042381,AAPL  250516C00210000
2025-05-12 19:36:01.999585518+00:00,2025-05-12 19:36:01.999381837+00:00,0,35,33556693,T,N,0,2.92,9,194,0,2738210811,AAPL  250516C00210000
2025-05-12 19:36:05.138305894+00:00,2025-05-12 19:36:05.138103253+00:00,0,29,33556693,T,N,0,2.9,1,194,0,2738681541,AAPL  250516C00210000
2025-05-12 19:36:39.176168382+00:00,2025-05-12 19:36:39.175965576+00:00,0,27,33556693,T,N,0,2.94,4,194,0,2743648219,AAPL  250516C00210000
2025-05-12 19:36:45.005448036+00:00,2025-05-12 19:36:45.005245092+00:00,0,32,33556693,T,N,0,2.96,1,194,0,2744327352,AAPL  250516C00210000
2025-05-12 19:36:49.830933740+00:00,2025-05-12 19:36:49.830730957+00:00,0,25,33556693,T,N,0,3.0,51,194,0,2744990226,AAPL  250516C00210000
2025-05-12 19:37:10.794572588+00:00,2025-05-12 19:37:10.794369748+00:00,0,35,33556693,T,N,0,2.95,2,194,0,2747684123,AAPL  250516C00210000
2025-05-12 19:37:23.439828980+00:00,2025-05-12 19:37:23.439625113+00:00,0,29,33556693,T,N,0,2.96,10,194,0,2748817683,AAPL  250516C00210000
2025-05-12 19:37:30.141312001+00:00,2025-05-12 19:37:30.141109230+00:00,0,32,33556693,T,N,0,2.96,2,194,0,2749633521,AAPL  250516C00210000
2025-05-12 19:37:33.265638757+00:00,2025-05-12 19:37:33.265435778+00:00,0,32,33556693,T,N,0,2.97,1,194,0,2749984771,AAPL  250516C00210000
2025-05-12 19:37:46.058576371+00:00,2025-05-12 19:37:46.058373595+00:00,0,35,33556693,T,N,0,2.99,1,194,0,2751706501,AAPL  250516C00210000
2025-05-12 19:37:50.672509791+00:00,2025-05-12 19:37:50.672306948+00:00,0,32,33556693,T,N,0,3.0,5,194,0,2752154472,AAPL  250516C00210000
2025-05-12 19:37:55.656128580+00:00,2025-05-12 19:37:55.655925910+00:00,0,23,33556693,T,N,0,3.0,2,194,0,2752887323,AAPL  250516C00210000
2025-05-12 19:38:01.853044113+00:00,2025-05-12 19:38:01.852841262+00:00,0,22,33556693,T,N,0,3.02,1,194,0,2753455275,AAPL  250516C00210000
2025-05-12 19:38:21.982140317+00:00,2025-05-12 19:38:21.981935145+00:00,0,23,33556693,T,N,0,3.0,5,194,0,2755444875,AAPL  250516C00210000
2025-05-12 19:38:38.084824874+00:00,2025-05-12 19:38:38.084622020+00:00,0,24,33556693,T,N,0,3.0,25,194,0,2757349590,AAPL  250516C00210000
2025-05-12 19:38:47.846332350+00:00,2025-05-12 19:38:47.846129430+00:00,0,28,33556693,T,N,0,2.97,1,194,0,2758501743,AAPL  250516C00210000
2025-05-12 19:38:47.846508043+00:00,2025-05-12 19:38:47.846304859+00:00,0,24,33556693,T,N,0,2.97,1,194,0,2758501777,AAPL  250516C00210000
2025-05-12 19:38:47.846602632+00:00,2025-05-12 19:38:47.846400069+00:00,0,26,33556693,T,N,0,2.97,1,194,0,2758501802,AAPL  250516C00210000
2025-05-12 19:39:01.053332885+00:00,2025-05-12 19:39:01.053129052+00:00,0,22,33556693,T,N,0,2.94,20,194,0,2759998052,AAPL  250516C00210000
2025-05-12 19:39:01.508632013+00:00,2025-05-12 19:39:01.508429234+00:00,0,22,33556693,T,N,0,2.95,2,194,0,2760035717,AAPL  250516C00210000
2025-05-12 19:39:07.289997332+00:00,2025-05-12 19:39:07.289794710+00:00,0,26,33556693,T,N,0,2.95,20,194,0,2760639056,AAPL  250516C00210000
2025-05-12 19:39:10.780953790+00:00,2025-05-12 19:39:10.780750939+00:00,0,21,33556693,T,N,0,2.96,3,194,0,2760946513,AAPL  250516C00210000
2025-05-12 19:39:12.025018670+00:00,2025-05-12 19:39:12.024816179+00:00,0,22,33556693,T,N,0,2.94,1,194,0,2761125882,AAPL  250516C00210000
2025-05-12 19:40:05.041849221+00:00,2025-05-12 19:40:05.041645541+00:00,0,29,33556693,T,N,0,2.95,4,194,0,2767378109,AAPL  250516C00210000
2025-05-12 19:40:14.042468135+00:00,2025-05-12 19:40:14.042264162+00:00,0,25,33556693,T,N,0,2.96,5,194,0,2768700804,AAPL  250516C00210000
2025-05-12 19:40:14.046673651+00:00,2025-05-12 19:40:14.046469125+00:00,0,37,33556693,T,N,0,2.96,1,194,0,2768707607,AAPL  250516C00210000
2025-05-12 19:40:14.046673651+00:00,2025-05-12 19:40:14.046469125+00:00,0,37,33556693,T,N,0,2.96,9,194,0,2768707608,AAPL  250516C00210000
2025-05-12 19:40:17.790229867+00:00,2025-05-12 19:40:17.790027096+00:00,0,29,33556693,T,N,0,2.97,5,194,0,2769626697,AAPL  250516C00210000
2025-05-12 19:40:24.752642343+00:00,2025-05-12 19:40:24.752437700+00:00,0,29,33556693,T,N,0,2.95,3,194,0,2770721125,AAPL  250516C00210000
2025-05-12 19:40:24.798539796+00:00,2025-05-12 19:40:24.798336929+00:00,0,29,33556693,T,N,0,2.95,197,194,0,2770752355,AAPL  250516C00210000
2025-05-12 19:40:30.371339513+00:00,2025-05-12 19:40:30.371135774+00:00,0,20,33556693,T,N,0,2.95,5,194,0,2771786881,AAPL  250516C00210000
2025-05-12 19:40:35.485908583+00:00,2025-05-12 19:40:35.485705763+00:00,0,35,33556693,T,N,0,3.0,64,194,0,2772684541,AAPL  250516C00210000
2025-05-12 19:40:35.512371797+00:00,2025-05-12 19:40:35.512168901+00:00,0,29,33556693,T,N,0,3.0,3,194,0,2772687985,AAPL  250516C00210000
2025-05-12 19:40:46.648535569+00:00,2025-05-12 19:40:46.648332747+00:00,0,22,33556693,T,N,0,2.99,1,194,0,2773953134,AAPL  250516C00210000
2025-05-12 19:41:02.548304923+00:00,2025-05-12 19:41:02.548101256+00:00,0,29,33556693,T,N,0,2.93,2,194,0,2776155544,AAPL  250516C00210000
2025-05-12 19:41:25.932857552+00:00,2025-05-12 19:41:25.932654568+00:00,0,22,33556693,T,N,0,2.93,1,194,0,2779396892,AAPL  250516C00210000
2025-05-12 19:41:48.011193700+00:00,2025-05-12 19:41:48.010989976+00:00,0,23,33556693,T,N,0,2.91,1,194,0,2781978468,AAPL  250516C00210000
2025-05-12 19:41:56.435783805+00:00,2025-05-12 19:41:56.435581052+00:00,0,28,33556693,T,N,0,2.88,5,194,0,2783550769,AAPL  250516C00210000
2025-05-12 19:41:56.618213982+00:00,2025-05-12 19:41:56.618011380+00:00,0,27,33556693,T,N,0,2.86,3,194,0,2783574362,AAPL  250516C00210000
2025-05-12 19:41:56.636652451+00:00,2025-05-12 19:41:56.636449790+00:00,0,24,33556693,T,N,0,2.87,1,194,0,2783600852,AAPL  250516C00210000
2025-05-12 19:41:59.276649800+00:00,2025-05-12 19:41:59.276447134+00:00,0,21,33556693,T,N,0,2.88,1,194,0,2783991356,AAPL  250516C00210000
2025-05-12 19:41:59.276649800+00:00,2025-05-12 19:41:59.276447134+00:00,0,21,33556693,T,N,0,2.88,1,194,0,2783991357,AAPL  250516C00210000
2025-05-12 19:42:00.200561969+00:00,2025-05-12 19:42:00.200359347+00:00,0,35,33556693,T,N,0,2.87,1,194,0,2784118571,AAPL  250516C00210000
2025-05-12 19:42:15.716560755+00:00,2025-05-12 19:42:15.716358007+00:00,0,35,33556693,T,N,0,2.92,5,194,0,2786581456,AAPL  250516C00210000
2025-05-12 19:42:15.906277581+00:00,2025-05-12 19:42:15.906074860+00:00,0,24,33556693,T,N,0,2.92,1,194,0,2786619230,AAPL  250516C00210000
2025-05-12 19:42:33.066115428+00:00,2025-05-12 19:42:33.065912335+00:00,0,29,33556693,T,N,0,2.94,1,194,0,2788717823,AAPL  250516C00210000
2025-05-12 19:42:33.521192381+00:00,2025-05-12 19:42:33.520988153+00:00,0,32,33556693,T,N,0,2.95,10,194,0,2788820057,AAPL  250516C00210000
2025-05-12 19:42:33.858677082+00:00,2025-05-12 19:42:33.858472988+00:00,0,23,33556693,T,N,0,2.95,50,194,0,2788901294,AAPL  250516C00210000
2025-05-12 19:42:38.559758805+00:00,2025-05-12 19:42:38.559556190+00:00,0,28,33556693,T,N,0,2.95,1,194,0,2789553193,AAPL  250516C00210000
2025-05-12 19:42:41.674875042+00:00,2025-05-12 19:42:41.674671378+00:00,0,29,33556693,T,N,0,2.97,1,194,0,2790133712,AAPL  250516C00210000
2025-05-12 19:42:47.973201541+00:00,2025-05-12 19:42:47.972998796+00:00,0,28,33556693,T,N,0,2.96,1,194,0,2791295227,AAPL  250516C00210000
2025-05-12 19:42:49.113609603+00:00,2025-05-12 19:42:49.113406817+00:00,0,26,33556693,T,N,0,2.99,1,194,0,2791496132,AAPL  250516C00210000
2025-05-12 19:42:54.575809164+00:00,2025-05-12 19:42:54.575606693+00:00,0,29,33556693,T,N,0,2.98,1,194,0,2792390849,AAPL  250516C00210000
2025-05-12 19:42:54.675591875+00:00,2025-05-12 19:42:54.675389475+00:00,0,26,33556693,T,N,0,2.98,1,194,0,2792405628,AAPL  250516C00210000
2025-05-12 19:42:55.026568481+00:00,2025-05-12 19:42:55.026366051+00:00,0,35,33556693,T,N,0,2.99,1,194,0,2792439162,AAPL  250516C00210000
2025-05-12 19:43:05.369960482+00:00,2025-05-12 19:43:05.369755929+00:00,0,25,33556693,T,N,0,2.96,20,194,0,2793679720,AAPL  250516C00210000
2025-05-12 19:43:29.351780892+00:00,2025-05-12 19:43:29.351577571+00:00,0,26,33556693,T,N,0,2.92,10,194,0,2796702783,AAPL  250516C00210000
2025-05-12 19:43:35.998819358+00:00,2025-05-12 19:43:35.998616856+00:00,0,36,33556693,T,N,0,2.93,1,194,0,2797321966,AAPL  250516C00210000
2025-05-12 19:43:38.801719699+00:00,2025-05-12 19:43:38.801517025+00:00,0,24,33556693,T,N,0,2.93,4,194,0,2797532040,AAPL  250516C00210000
2025-05-12 19:43:51.464295221+00:00,2025-05-12 19:43:51.464091640+00:00,0,26,33556693,T,N,0,2.93,1,194,0,2799024898,AAPL  250516C00210000
2025-05-12 19:43:53.404651702+00:00,2025-05-12 19:43:53.404449096+00:00,0,36,33556693,T,N,0,2.94,1,194,0,2799267169,AAPL  250516C00210000
2025-05-12 19:43:54.798551120+00:00,2025-05-12 19:43:54.798347632+00:00,0,29,33556693,T,N,0,2.93,20,194,0,2799427443,AAPL  250516C00210000
2025-05-12 19:44:00.972548144+00:00,2025-05-12 19:44:00.972342890+00:00,0,26,33556693,T,N,0,2.93,1,194,0,2800260296,AAPL  250516C00210000
2025-05-12 19:44:03.634676444+00:00,2025-05-12 19:44:03.634473026+00:00,0,26,33556693,T,N,0,2.92,1,194,0,2800497155,AAPL  250516C00210000
2025-05-12 19:44:03.793459896+00:00,2025-05-12 19:44:03.793256416+00:00,0,26,33556693,T,N,0,2.92,2,194,0,2800536740,AAPL  250516C00210000
2025-05-12 19:44:04.196393335+00:00,2025-05-12 19:44:04.196188529+00:00,0,26,33556693,T,N,0,2.92,1,194,0,2800602097,AAPL  250516C00210000
2025-05-12 19:44:04.361824769+00:00,2025-05-12 19:44:04.361620968+00:00,0,26,33556693,T,N,0,2.92,1,194,0,2800621096,AAPL  250516C00210000
2025-05-12 19:44:05.417528714+00:00,2025-05-12 19:44:05.417323645+00:00,0,26,33556693,T,N,0,2.92,1,194,0,2800717764,AAPL  250516C00210000
2025-05-12 19:44:05.472534637+00:00,2025-05-12 19:44:05.472330937+00:00,0,26,33556693,T,N,0,2.91,1,194,0,2800736565,AAPL  250516C00210000
2025-05-12 19:44:05.522160555+00:00,2025-05-12 19:44:05.521957112+00:00,0,26,33556693,T,N,0,2.91,1,194,0,2800752767,AAPL  250516C00210000
2025-05-12 19:44:26.646766763+00:00,2025-05-12 19:44:26.646564213+00:00,0,24,33556693,T,N,0,2.92,1,194,0,2803182875,AAPL  250516C00210000
2025-05-12 19:44:27.221473956+00:00,2025-05-12 19:44:27.221270101+00:00,0,31,33556693,T,N,0,2.9,10,194,0,2803233016,AAPL  250516C00210000
2025-05-12 19:44:27.732562028+00:00,2025-05-12 19:44:27.732358440+00:00,0,36,33556693,T,N,0,2.9,2,194,0,2803369320,AAPL  250516C00210000
2025-05-12 19:44:40.637103647+00:00,2025-05-12 19:44:40.636900823+00:00,0,23,33556693,T,N,0,2.88,1,194,0,2804783067,AAPL  250516C00210000
2025-05-12 19:44:46.476877923+00:00,2025-05-12 19:44:46.476675249+00:00,0,28,33556693,T,N,0,2.9,1,194,0,2805426758,AAPL  250516C00210000
2025-05-12 19:44:49.010256685+00:00,2025-05-12 19:44:49.010054097+00:00,0,22,33556693,T,N,0,2.89,2,194,0,2805830346,AAPL  250516C00210000
2025-05-12 19:44:59.430344132+00:00,2025-05-12 19:44:59.430141382+00:00,0,22,33556693,T,N,0,2.85,1,194,0,2806969159,AAPL  250516C00210000
2025-05-12 19:45:15.166536776+00:00,2025-05-12 19:45:15.166334132+00:00,0,26,33556693,T,N,0,2.9,1,194,0,2808987243,AAPL  250516C00210000
2025-05-12 19:45:24.916015230+00:00,2025-05-12 19:45:24.915812621+00:00,0,20,33556693,T,N,0,2.92,1,194,0,2810196729,AAPL  250516C00210000
2025-05-12 19:45:31.780648371+00:00,2025-05-12 19:45:31.780445517+00:00,0,22,33556693,T,N,0,2.91,40,194,0,2810938735,AAPL  250516C00210000
2025-05-12 19:45:32.240574089+00:00,2025-05-12 19:45:32.240371303+00:00,0,35,33556693,T,N,0,2.92,1,194,0,2810973051,AAPL  250516C00210000
2025-05-12 19:45:59.568602110+00:00,2025-05-12 19:45:59.568399716+00:00,0,26,33556693,T,N,0,2.92,1,194,0,2814850145,AAPL  250516C00210000
2025-05-12 19:46:03.533004510+00:00,2025-05-12 19:46:03.532800606+00:00,0,35,33556693,T,N,0,2.9,3,194,0,2815428756,AAPL  250516C00210000
2025-05-12 19:46:03.534359895+00:00,2025-05-12 19:46:03.534157045+00:00,0,29,33556693,T,N,0,2.91,1,194,0,2815430593,AAPL  250516C00210000
2025-05-12 19:46:15.387016869+00:00,2025-05-12 19:46:15.386814240+00:00,0,22,33556693,T,N,0,2.87,1,194,0,2816994023,AAPL  250516C00210000
2025-05-12 19:46:20.834581174+00:00,2025-05-12 19:46:20.834378522+00:00,0,35,33556693,T,N,0,2.89,2,194,0,2817721260,AAPL  250516C00210000
2025-05-12 19:46:23.707934939+00:00,2025-05-12 19:46:23.707732588+00:00,0,26,33556693,T,N,0,2.9,1,194,0,2818100400,AAPL  250516C00210000
2025-05-12 19:46:23.808640105+00:00,2025-05-12 19:46:23.808437580+00:00,0,22,33556693,T,N,0,2.89,1,194,0,2818107357,AAPL  250516C00210000
2025-05-12 19:46:24.955242929+00:00,2025-05-12 19:46:24.955040360+00:00,0,22,33556693,T,N,0,2.89,3,194,0,2818197857,AAPL  250516C00210000
2025-05-12 19:46:33.628982442+00:00,2025-05-12 19:46:33.628779936+00:00,0,35,33556693,T,N,0,2.85,10,194,0,2819172371,AAPL  250516C00210000
2025-05-12 19:46:33.754378717+00:00,2025-05-12 19:46:33.754169979+00:00,0,21,33556693,T,N,0,2.85,28,194,0,2819196762,AAPL  250516C00210000
2025-05-12 19:46:33.760988844+00:00,2025-05-12 19:46:33.760785639+00:00,0,22,33556693,T,N,0,2.86,85,194,0,2819198296,AAPL  250516C00210000
2025-05-12 19:46:33.761345738+00:00,2025-05-12 19:46:33.761142927+00:00,0,35,33556693,T,N,0,2.86,26,194,0,2819198353,AAPL  250516C00210000
2025-05-12 19:46:33.761473429+00:00,2025-05-12 19:46:33.761270822+00:00,0,21,33556693,T,N,0,2.88,34,194,0,2819198376,AAPL  250516C00210000
2025-05-12 19:46:34.564953741+00:00,2025-05-12 19:46:34.564750945+00:00,0,22,33556693,T,N,0,2.86,4,194,0,2819302765,AAPL  250516C00210000
2025-05-12 19:46:34.658006825+00:00,2025-05-12 19:46:34.657803220+00:00,0,21,33556693,T,N,0,2.85,7,194,0,2819314543,AAPL  250516C00210000
2025-05-12 19:46:34.658487689+00:00,2025-05-12 19:46:34.658284681+00:00,0,22,33556693,T,N,0,2.86,20,194,0,2819314585,AAPL  250516C00210000
2025-05-12 19:46:34.658812316+00:00,2025-05-12 19:46:34.658609908+00:00,0,35,33556693,T,N,0,2.86,10,194,0,2819314617,AAPL  250516C00210000
2025-05-12 19:46:34.876348283+00:00,2025-05-12 19:46:34.876144434+00:00,0,21,33556693,T,N,0,2.85,7,194,0,2819337360,AAPL  250516C00210000
2025-05-12 19:46:35.447723397+00:00,2025-05-12 19:46:35.447520102+00:00,0,21,33556693,T,N,0,2.85,1,194,0,2819444706,AAPL  250516C00210000
2025-05-12 19:46:35.549445925+00:00,2025-05-12 19:46:35.549242545+00:00,0,21,33556693,T,N,0,2.85,1,194,0,2819469579,AAPL  250516C00210000
2025-05-12 19:46:35.549891071+00:00,2025-05-12 19:46:35.549688570+00:00,0,22,33556693,T,N,0,2.85,5,194,0,2819469622,AAPL  250516C00210000
2025-05-12 19:46:35.550241986+00:00,2025-05-12 19:46:35.550039481+00:00,0,35,33556693,T,N,0,2.86,5,194,0,2819469649,AAPL  250516C00210000
2025-05-12 19:46:42.624907138+00:00,2025-05-12 19:46:42.624703050+00:00,0,35,33556693,T,N,0,2.9,1,194,0,2820457586,AAPL  250516C00210000
2025-05-12 19:46:42.636960908+00:00,2025-05-12 19:46:42.636756938+00:00,0,21,33556693,T,N,0,2.9,1,194,0,2820476878,AAPL  250516C00210000
2025-05-12 19:46:42.683143937+00:00,2025-05-12 19:46:42.682941087+00:00,0,29,33556693,T,N,0,2.91,1,194,0,2820497329,AAPL  250516C00210000
2025-05-12 19:46:48.839563889+00:00,2025-05-12 19:46:48.839361270+00:00,0,35,33556693,T,N,0,2.88,1,194,0,2821179391,AAPL  250516C00210000
2025-05-12 19:46:48.855701400+00:00,2025-05-12 19:46:48.855498779+00:00,0,21,33556693,T,N,0,2.88,1,194,0,2821183256,AAPL  250516C00210000
2025-05-12 19:46:48.855902218+00:00,2025-05-12 19:46:48.855699190+00:00,0,35,33556693,T,N,0,2.88,1,194,0,2821183294,AAPL  250516C00210000
2025-05-12 19:46:48.856302682+00:00,2025-05-12 19:46:48.856100123+00:00,0,22,33556693,T,N,0,2.89,1,194,0,2821183363,AAPL  250516C00210000
2025-05-12 19:47:02.706591067+00:00,2025-05-12 19:47:02.706388006+00:00,0,26,33556693,T,N,0,2.89,1,194,0,2823030908,AAPL  250516C00210000
2025-05-12 19:47:05.302628794+00:00,2025-05-12 19:47:05.302425834+00:00,0,26,33556693,T,N,0,2.88,1,194,0,2823311004,AAPL  250516C00210000
2025-05-12 19:47:11.542241505+00:00,2025-05-12 19:47:11.542038678+00:00,0,29,33556693,T,N,0,2.89,1,194,0,2823894842,AAPL  250516C00210000
2025-05-12 19:47:15.496526640+00:00,2025-05-12 19:47:15.496323953+00:00,0,24,33556693,T,N,0,2.87,1,194,0,2824370424,AAPL  250516C00210000
2025-05-12 19:47:20.562581886+00:00,2025-05-12 19:47:20.562379250+00:00,0,35,33556693,T,N,0,2.88,80,194,0,2824961925,AAPL  250516C00210000
2025-05-12 19:47:22.922026182+00:00,2025-05-12 19:47:22.921823562+00:00,0,27,33556693,T,N,0,2.87,2,194,0,2825326297,AAPL  250516C00210000
2025-05-12 19:47:27.970519288+00:00,2025-05-12 19:47:27.970316699+00:00,0,22,33556693,T,N,0,2.87,4,194,0,2825864982,AAPL  250516C00210000
2025-05-12 19:47:36.151766368+00:00,2025-05-12 19:47:36.151562365+00:00,0,28,33556693,T,N,0,2.86,1,194,0,2826727718,AAPL  250516C00210000
2025-05-12 19:47:47.180572897+00:00,2025-05-12 19:47:47.180370125+00:00,0,22,33556693,T,N,0,2.87,10,194,0,2827800751,AAPL  250516C00210000
2025-05-12 19:47:47.180577766+00:00,2025-05-12 19:47:47.180375134+00:00,0,22,33556693,T,N,0,2.87,7,194,0,2827800754,AAPL  250516C00210000
2025-05-12 19:47:47.180582603+00:00,2025-05-12 19:47:47.180380171+00:00,0,22,33556693,T,N,0,2.87,7,194,0,2827800755,AAPL  250516C00210000
2025-05-12 19:47:47.180587921+00:00,2025-05-12 19:47:47.180385193+00:00,0,22,33556693,T,N,0,2.87,3,194,0,2827800757,AAPL  250516C00210000
2025-05-12 19:47:47.181394532+00:00,2025-05-12 19:47:47.181192003+00:00,0,24,33556693,T,N,0,2.87,1,194,0,2827800800,AAPL  250516C00210000
2025-05-12 19:47:52.420582501+00:00,2025-05-12 19:47:52.420379995+00:00,0,35,33556693,T,N,0,2.86,3,194,0,2828375069,AAPL  250516C00210000
2025-05-12 19:48:07.013826610+00:00,2025-05-12 19:48:07.013624095+00:00,0,29,33556693,T,N,0,2.83,1,194,0,2829824717,AAPL  250516C00210000
2025-05-12 19:48:07.812570889+00:00,2025-05-12 19:48:07.812368479+00:00,0,35,33556693,T,N,0,2.83,2,194,0,2829880841,AAPL  250516C00210000
2025-05-12 19:48:18.461608213+00:00,2025-05-12 19:48:18.461405382+00:00,0,20,33556693,T,N,0,2.85,2,194,0,2831362129,AAPL  250516C00210000
2025-05-12 19:48:18.461628661+00:00,2025-05-12 19:48:18.461425375+00:00,0,61,33556693,T,N,0,2.85,4,194,0,2831362134,AAPL  250516C00210000
2025-05-12 19:48:18.461648216+00:00,2025-05-12 19:48:18.461445428+00:00,0,21,33556693,T,N,0,2.85,1,194,0,2831362137,AAPL  250516C00210000
2025-05-12 19:48:18.736193026+00:00,2025-05-12 19:48:18.735990145+00:00,0,22,33556693,T,N,0,2.85,5,194,0,2831385674,AAPL  250516C00210000
2025-05-12 19:48:22.597571444+00:00,2025-05-12 19:48:22.597368902+00:00,0,35,33556693,T,N,0,2.83,1,194,0,2831756459,AAPL  250516C00210000
2025-05-12 19:48:26.542524873+00:00,2025-05-12 19:48:26.542322203+00:00,0,21,33556693,T,N,0,2.84,1,194,0,2832123737,AAPL  250516C00210000
2025-05-12 19:48:26.543672270+00:00,2025-05-12 19:48:26.543469713+00:00,0,24,33556693,T,N,0,2.84,1,194,0,2832123781,AAPL  250516C00210000
2025-05-12 19:48:26.776282765+00:00,2025-05-12 19:48:26.776079089+00:00,0,28,33556693,T,N,0,2.81,1,194,0,2832187238,AAPL  250516C00210000
2025-05-12 19:48:30.194554309+00:00,2025-05-12 19:48:30.194351931+00:00,0,36,33556693,T,N,0,2.82,3,194,0,2832712170,AAPL  250516C00210000
2025-05-12 19:48:30.886329246+00:00,2025-05-12 19:48:30.886126472+00:00,0,22,33556693,T,N,0,2.81,1,194,0,2832856678,AAPL  250516C00210000
2025-05-12 19:48:33.280155089+00:00,2025-05-12 19:48:33.279951842+00:00,0,26,33556693,T,N,0,2.82,1,194,0,2833218959,AAPL  250516C00210000
2025-05-12 19:48:38.302099317+00:00,2025-05-12 19:48:38.301897014+00:00,0,28,33556693,T,N,0,2.84,1,194,0,2834027104,AAPL  250516C00210000
2025-05-12 19:48:41.549730667+00:00,2025-05-12 19:48:41.549527942+00:00,0,32,33556693,T,N,0,2.85,1,194,0,2834505650,AAPL  250516C00210000
2025-05-12 19:48:57.474718760+00:00,2025-05-12 19:48:57.474516096+00:00,0,28,33556693,T,N,0,2.85,2,194,0,2836320952,AAPL  250516C00210000
2025-05-12 19:49:15.238094158+00:00,2025-05-12 19:49:15.237891042+00:00,0,28,33556693,T,N,0,2.87,1,194,0,2838855196,AAPL  250516C00210000
2025-05-12 19:49:40.450975161+00:00,2025-05-12 19:49:40.450772284+00:00,0,32,33556693,T,N,0,2.87,1,194,0,2842107917,AAPL  250516C00210000
2025-05-12 19:49:45.782500192+00:00,2025-05-12 19:49:45.782296415+00:00,0,37,33556693,T,N,0,2.87,5,194,0,2842632078,AAPL  250516C00210000
2025-05-12 19:49:48.621289830+00:00,2025-05-12 19:49:48.621087022+00:00,0,22,33556693,T,N,0,2.86,1,194,0,2843153486,AAPL  250516C00210000
2025-05-12 19:49:51.691257509+00:00,2025-05-12 19:49:51.691054640+00:00,0,28,33556693,T,N,0,2.9,1,194,0,2843676901,AAPL  250516C00210000
2025-05-12 19:49:52.626572249+00:00,2025-05-12 19:49:52.626369564+00:00,0,35,33556693,T,N,0,2.87,1,194,0,2843884684,AAPL  250516C00210000
2025-05-12 19:50:00.017139111+00:00,2025-05-12 19:50:00.016935035+00:00,0,36,33556693,T,N,0,2.9,1,194,0,2845485242,AAPL  250516C00210000
2025-05-12 19:50:00.019518817+00:00,2025-05-12 19:50:00.019315466+00:00,0,29,33556693,T,N,0,2.91,1,194,0,2845487676,AAPL  250516C00210000
2025-05-12 19:50:00.192856616+00:00,2025-05-12 19:50:00.192653781+00:00,0,20,33556693,T,N,0,2.94,1,194,0,2845597790,AAPL  250516C00210000
2025-05-12 19:50:00.205257765+00:00,2025-05-12 19:50:00.205054004+00:00,0,36,33556693,T,N,0,2.94,1,194,0,2845603191,AAPL  250516C00210000
2025-05-12 19:50:00.240701696+00:00,2025-05-12 19:50:00.240498656+00:00,0,29,33556693,T,N,0,2.95,10,194,0,2845619084,AAPL  250516C00210000
2025-05-12 19:50:02.531320349+00:00,2025-05-12 19:50:02.531117430+00:00,0,37,33556693,T,N,0,2.9,1,194,0,2846333364,AAPL  250516C00210000
2025-05-12 19:50:03.135613337+00:00,2025-05-12 19:50:03.135409625+00:00,0,36,33556693,T,N,0,2.9,10,194,0,2846533739,AAPL  250516C00210000
2025-05-12 19:50:07.793884038+00:00,2025-05-12 19:50:07.793681437+00:00,0,28,33556693,T,N,0,2.96,1,194,0,2847975823,AAPL  250516C00210000
2025-05-12 19:50:10.112576242+00:00,2025-05-12 19:50:10.112373486+00:00,0,28,33556693,T,N,0,2.91,1,194,0,2848666881,AAPL  250516C00210000
2025-05-12 19:50:13.823286749+00:00,2025-05-12 19:50:13.823083893+00:00,0,27,33556693,T,N,0,2.92,11,194,0,2849481379,AAPL  250516C00210000
2025-05-12 19:50:14.297571652+00:00,2025-05-12 19:50:14.297368296+00:00,0,35,33556693,T,N,0,2.93,2,194,0,2849587396,AAPL  250516C00210000
2025-05-12 19:50:19.897575411+00:00,2025-05-12 19:50:19.897371584+00:00,0,35,33556693,T,N,0,2.95,1,194,0,2850850366,AAPL  250516C00210000
2025-05-12 19:50:20.064893831+00:00,2025-05-12 19:50:20.064690145+00:00,0,32,33556693,T,N,0,2.94,1,194,0,2850922827,AAPL  250516C00210000
2025-05-12 19:50:20.064914611+00:00,2025-05-12 19:50:20.064710938+00:00,0,29,33556693,T,N,0,2.94,1,194,0,2850922850,AAPL  250516C00210000
2025-05-12 19:50:20.064969185+00:00,2025-05-12 19:50:20.064765513+00:00,0,33,33556693,T,N,0,2.94,1,194,0,2850922935,AAPL  250516C00210000
2025-05-12 19:50:20.067275861+00:00,2025-05-12 19:50:20.067071028+00:00,0,26,33556693,T,N,0,2.94,1,194,0,2850926779,AAPL  250516C00210000
2025-05-12 19:50:20.068826639+00:00,2025-05-12 19:50:20.068621274+00:00,0,37,33556693,T,N,0,2.94,4,194,0,2850929562,AAPL  250516C00210000
2025-05-12 19:50:20.073537174+00:00,2025-05-12 19:50:20.073332651+00:00,0,23,33556693,T,N,0,2.94,1,194,0,2850937086,AAPL  250516C00210000
2025-05-12 19:50:20.073537174+00:00,2025-05-12 19:50:20.073332651+00:00,0,23,33556693,T,N,0,2.94,1,194,0,2850937087,AAPL  250516C00210000
2025-05-12 19:50:20.204832708+00:00,2025-05-12 19:50:20.204623533+00:00,0,21,33556693,T,N,0,2.94,1,194,0,2851028293,AAPL  250516C00210000
2025-05-12 19:50:34.179632789+00:00,2025-05-12 19:50:34.179429623+00:00,0,27,33556693,T,N,0,3.0,3,194,0,2853872049,AAPL  250516C00210000
2025-05-12 19:50:34.186658005+00:00,2025-05-12 19:50:34.186455184+00:00,0,23,33556693,T,N,0,3.0,1,194,0,2853874737,AAPL  250516C00210000
2025-05-12 19:50:50.121485911+00:00,2025-05-12 19:50:50.121282483+00:00,0,29,33556693,T,N,0,2.99,20,194,0,2856880039,AAPL  250516C00210000
2025-05-12 19:50:50.121611477+00:00,2025-05-12 19:50:50.121407499+00:00,0,29,33556693,T,N,0,2.99,5,194,0,2856880097,AAPL  250516C00210000
2025-05-12 19:50:50.121812657+00:00,2025-05-12 19:50:50.121608943+00:00,0,29,33556693,T,N,0,2.99,1,194,0,2856880199,AAPL  250516C00210000
2025-05-12 19:50:50.122226759+00:00,2025-05-12 19:50:50.122023954+00:00,0,29,33556693,T,N,0,2.99,1,194,0,2856880438,AAPL  250516C00210000
2025-05-12 19:50:50.122281975+00:00,2025-05-12 19:50:50.122079002+00:00,0,29,33556693,T,N,0,2.99,173,194,0,2856880474,AAPL  250516C00210000
2025-05-12 19:50:50.122592666+00:00,2025-05-12 19:50:50.122390022+00:00,0,32,33556693,T,N,0,2.99,1,194,0,2856880589,AAPL  250516C00210000
2025-05-12 19:50:50.320039166+00:00,2025-05-12 19:50:50.319836357+00:00,0,37,33556693,T,N,0,3.0,5,194,0,2856948843,AAPL  250516C00210000
2025-05-12 19:50:50.320158315+00:00,2025-05-12 19:50:50.319955639+00:00,0,29,33556693,T,N,0,3.0,1,194,0,2856948892,AAPL  250516C00210000
2025-05-12 19:50:50.320422524+00:00,2025-05-12 19:50:50.320218748+00:00,0,32,33556693,T,N,0,3.0,2,194,0,2856949200,AAPL  250516C00210000
2025-05-12 19:51:00.698799733+00:00,2025-05-12 19:51:00.698595292+00:00,0,29,33556693,T,N,0,3.0,1,194,0,2858986805,AAPL  250516C00210000
2025-05-12 19:51:03.838095449+00:00,2025-05-12 19:51:03.837891843+00:00,0,29,33556693,T,N,0,3.0,1,194,0,2859655600,AAPL  250516C00210000
2025-05-12 19:51:05.151299410+00:00,2025-05-12 19:51:05.151096859+00:00,0,37,33556693,T,N,0,3.0,4,194,0,2859927723,AAPL  250516C00210000
2025-05-12 19:51:08.298738634+00:00,2025-05-12 19:51:08.298534159+00:00,0,27,33556693,T,N,0,2.99,7,194,0,2860553383,AAPL  250516C00210000
2025-05-12 19:51:09.128634730+00:00,2025-05-12 19:51:09.128432060+00:00,0,31,33556693,T,N,0,3.0,9,194,0,2860831227,AAPL  250516C00210000
2025-05-12 19:51:09.129057421+00:00,2025-05-12 19:51:09.128853769+00:00,0,37,33556693,T,N,0,3.0,4,194,0,2860831391,AAPL  250516C00210000
2025-05-12 19:51:09.346223689+00:00,2025-05-12 19:51:09.346020862+00:00,0,20,33556693,T,N,0,2.98,2,194,0,2860867142,AAPL  250516C00210000
2025-05-12 19:51:10.032214608+00:00,2025-05-12 19:51:10.032010653+00:00,0,26,33556693,T,N,0,2.98,1,194,0,2860988595,AAPL  250516C00210000
2025-05-12 19:51:10.032292349+00:00,2025-05-12 19:51:10.032087488+00:00,0,27,33556693,T,N,0,2.98,2,194,0,2860988749,AAPL  250516C00210000
2025-05-12 19:51:10.032831489+00:00,2025-05-12 19:51:10.032628002+00:00,0,32,33556693,T,N,0,3.0,1,194,0,2860990003,AAPL  250516C00210000
2025-05-12 19:51:10.033963961+00:00,2025-05-12 19:51:10.033760218+00:00,0,20,33556693,T,N,0,2.98,2,194,0,2860992998,AAPL  250516C00210000
2025-05-12 19:51:10.034605364+00:00,2025-05-12 19:51:10.034401918+00:00,0,32,33556693,T,N,0,3.0,1,194,0,2860994936,AAPL  250516C00210000
2025-05-12 19:51:14.735821702+00:00,2025-05-12 19:51:14.735617135+00:00,0,21,33556693,T,N,0,2.96,3,194,0,2862131571,AAPL  250516C00210000
2025-05-12 19:51:15.987137469+00:00,2025-05-12 19:51:15.986934483+00:00,0,28,33556693,T,N,0,2.95,1,194,0,2862357767,AAPL  250516C00210000
2025-05-12 19:51:28.217251187+00:00,2025-05-12 19:51:28.217047844+00:00,0,27,33556693,T,N,0,2.92,15,194,0,2864668065,AAPL  250516C00210000
2025-05-12 19:51:28.802655044+00:00,2025-05-12 19:51:28.802451324+00:00,0,37,33556693,T,N,0,2.92,4,194,0,2864820329,AAPL  250516C00210000
2025-05-12 19:51:29.331404502+00:00,2025-05-12 19:51:29.331201753+00:00,0,32,33556693,T,N,0,2.92,1,194,0,2864895484,AAPL  250516C00210000
2025-05-12 19:51:43.632381585+00:00,2025-05-12 19:51:43.632179128+00:00,0,37,33556693,T,N,0,2.93,4,194,0,2867137411,AAPL  250516C00210000
2025-05-12 19:51:52.213139625+00:00,2025-05-12 19:51:52.212936631+00:00,0,28,33556693,T,N,0,2.99,1,194,0,2868756700,AAPL  250516C00210000
2025-05-12 19:51:53.811945220+00:00,2025-05-12 19:51:53.811742667+00:00,0,22,33556693,T,N,0,2.97,1,194,0,2868958511,AAPL  250516C00210000
2025-05-12 19:52:09.985571186+00:00,2025-05-12 19:52:09.985368511+00:00,0,35,33556693,T,N,0,3.04,1,194,0,2871767180,AAPL  250516C00210000
2025-05-12 19:52:15.335573184+00:00,2025-05-12 19:52:15.335370656+00:00,0,35,33556693,T,N,0,3.03,1,194,0,2872788385,AAPL  250516C00210000
2025-05-12 19:52:20.742821768+00:00,2025-05-12 19:52:20.742619060+00:00,0,28,33556693,T,N,0,3.05,1,194,0,2873732126,AAPL  250516C00210000
2025-05-12 19:52:25.345397431+00:00,2025-05-12 19:52:25.345194461+00:00,0,37,33556693,T,N,0,3.1,10,194,0,2874411556,AAPL  250516C00210000
2025-05-12 19:52:25.430349756+00:00,2025-05-12 19:52:25.430146923+00:00,0,28,33556693,T,N,0,3.1,1,194,0,2874428984,AAPL  250516C00210000
2025-05-12 19:52:28.269707805+00:00,2025-05-12 19:52:28.269504937+00:00,0,22,33556693,T,N,0,3.13,1,194,0,2874784070,AAPL  250516C00210000
2025-05-12 19:52:30.004085259+00:00,2025-05-12 19:52:30.003879793+00:00,0,36,33556693,T,N,0,3.1,2,194,0,2875010089,AAPL  250516C00210000
2025-05-12 19:52:32.457570617+00:00,2025-05-12 19:52:32.457367555+00:00,0,35,33556693,T,N,0,3.07,1,194,0,2875588101,AAPL  250516C00210000
2025-05-12 19:52:34.375401329+00:00,2025-05-12 19:52:34.375198385+00:00,0,20,33556693,T,N,0,3.07,1,194,0,2875848228,AAPL  250516C00210000
2025-05-12 19:52:46.311582343+00:00,2025-05-12 19:52:46.311378915+00:00,0,35,33556693,T,N,0,3.12,1,194,0,2877800558,AAPL  250516C00210000
2025-05-12 19:52:46.593048044+00:00,2025-05-12 19:52:46.592845266+00:00,0,24,33556693,T,N,0,3.1,1,194,0,2877836759,AAPL  250516C00210000
2025-05-12 19:52:46.593308205+00:00,2025-05-12 19:52:46.593105399+00:00,0,25,33556693,T,N,0,3.1,1,194,0,2877836860,AAPL  250516C00210000
2025-05-12 19:52:48.512359902+00:00,2025-05-12 19:52:48.512156287+00:00,0,26,33556693,T,N,0,3.11,1,194,0,2878071959,AAPL  250516C00210000
2025-05-12 19:52:56.919496436+00:00,2025-05-12 19:52:56.919293761+00:00,0,20,33556693,T,N,0,3.13,1,194,0,2879406009,AAPL  250516C00210000
2025-05-12 19:53:02.829969359+00:00,2025-05-12 19:53:02.829766867+00:00,0,22,33556693,T,N,0,3.1,2,194,0,2880326093,AAPL  250516C00210000
2025-05-12 19:53:04.414657161+00:00,2025-05-12 19:53:04.414454242+00:00,0,28,33556693,T,N,0,3.14,1,194,0,2880552459,AAPL  250516C00210000
2025-05-12 19:53:12.388578741+00:00,2025-05-12 19:53:12.388376062+00:00,0,35,33556693,T,N,0,3.13,4,194,0,2882092773,AAPL  250516C00210000
2025-05-12 19:53:16.982369375+00:00,2025-05-12 19:53:16.982165816+00:00,0,36,33556693,T,N,0,3.15,1,194,0,2882646185,AAPL  250516C00210000
2025-05-12 19:53:16.982472854+00:00,2025-05-12 19:53:16.982270217+00:00,0,36,33556693,T,N,0,3.15,1,194,0,2882646210,AAPL  250516C00210000
2025-05-12 19:53:16.982815955+00:00,2025-05-12 19:53:16.982611614+00:00,0,29,33556693,T,N,0,3.15,1,194,0,2882646362,AAPL  250516C00210000
2025-05-12 19:53:16.983666863+00:00,2025-05-12 19:53:16.983463029+00:00,0,29,33556693,T,N,0,3.15,1,194,0,2882646890,AAPL  250516C00210000
2025-05-12 19:53:16.983811593+00:00,2025-05-12 19:53:16.983608512+00:00,0,29,33556693,T,N,0,3.15,1,194,0,2882647019,AAPL  250516C00210000
2025-05-12 19:53:16.984665610+00:00,2025-05-12 19:53:16.984461986+00:00,0,32,33556693,T,N,0,3.15,1,194,0,2882648014,AAPL  250516C00210000
2025-05-12 19:53:16.987647851+00:00,2025-05-12 19:53:16.987443158+00:00,0,37,33556693,T,N,0,3.15,80,194,0,2882653146,AAPL  250516C00210000
2025-05-12 19:53:19.826571957+00:00,2025-05-12 19:53:19.826369444+00:00,0,35,33556693,T,N,0,3.17,1,194,0,2883241163,AAPL  250516C00210000
2025-05-12 19:53:21.157945588+00:00,2025-05-12 19:53:21.157742831+00:00,0,28,33556693,T,N,0,3.15,1,194,0,2883443149,AAPL  250516C00210000
2025-05-12 19:53:24.766907628+00:00,2025-05-12 19:53:24.766705048+00:00,0,23,33556693,T,N,0,3.15,1,194,0,2883954409,AAPL  250516C00210000
2025-05-12 19:53:27.492265068+00:00,2025-05-12 19:53:27.492061983+00:00,0,22,33556693,T,N,0,3.2,5,194,0,2884282113,AAPL  250516C00210000
2025-05-12 19:53:28.654630409+00:00,2025-05-12 19:53:28.654426713+00:00,0,36,33556693,T,N,0,3.15,10,194,0,2884490847,AAPL  250516C00210000
2025-05-12 19:53:29.969022067+00:00,2025-05-12 19:53:29.968819510+00:00,0,22,33556693,T,N,0,3.12,1,194,0,2884701523,AAPL  250516C00210000
2025-05-12 19:53:30.076606240+00:00,2025-05-12 19:53:30.076402672+00:00,0,37,33556693,T,N,0,3.15,4,194,0,2884731257,AAPL  250516C00210000
2025-05-12 19:53:52.407335783+00:00,2025-05-12 19:53:52.407133041+00:00,0,25,33556693,T,N,0,3.15,1,194,0,2888575546,AAPL  250516C00210000
2025-05-12 19:54:06.290777587+00:00,2025-05-12 19:54:06.290575120+00:00,0,25,33556693,T,N,0,3.05,1,194,0,2890759439,AAPL  250516C00210000
2025-05-12 19:54:17.044018804+00:00,2025-05-12 19:54:17.043816067+00:00,0,21,33556693,T,N,0,3.15,1,194,0,2892495376,AAPL  250516C00210000
2025-05-12 19:54:17.044064348+00:00,2025-05-12 19:54:17.043861586+00:00,0,28,33556693,T,N,0,3.15,1,194,0,2892495384,AAPL  250516C00210000
2025-05-12 19:54:19.638994441+00:00,2025-05-12 19:54:19.638791682+00:00,0,24,33556693,T,N,0,3.05,1,194,0,2892904178,AAPL  250516C00210000
2025-05-12 19:54:38.183882110+00:00,2025-05-12 19:54:38.183679382+00:00,0,21,33556693,T,N,0,3.1,5,194,0,2896849386,AAPL  250516C00210000
2025-05-12 19:54:40.081808991+00:00,2025-05-12 19:54:40.081605241+00:00,0,26,33556693,T,N,0,3.1,1,194,0,2897097536,AAPL  250516C00210000
2025-05-12 19:54:40.081843731+00:00,2025-05-12 19:54:40.081639064+00:00,0,25,33556693,T,N,0,3.1,7,194,0,2897097574,AAPL  250516C00210000
2025-05-12 19:54:40.081843731+00:00,2025-05-12 19:54:40.081639064+00:00,0,32,33556693,T,N,0,3.1,1,194,0,2897097581,AAPL  250516C00210000
2025-05-12 19:54:40.081871412+00:00,2025-05-12 19:54:40.081668356+00:00,0,33,33556693,T,N,0,3.1,1,194,0,2897097634,AAPL  250516C00210000
2025-05-12 19:54:40.081913330+00:00,2025-05-12 19:54:40.081708966+00:00,0,27,33556693,T,N,0,3.1,1,194,0,2897097691,AAPL  250516C00210000
2025-05-12 19:54:40.081943689+00:00,2025-05-12 19:54:40.081739597+00:00,0,29,33556693,T,N,0,3.1,4,194,0,2897097726,AAPL  250516C00210000
2025-05-12 19:54:40.081943689+00:00,2025-05-12 19:54:40.081739597+00:00,0,29,33556693,T,N,0,3.1,2,194,0,2897097727,AAPL  250516C00210000
2025-05-12 19:54:40.081998976+00:00,2025-05-12 19:54:40.081794698+00:00,0,20,33556693,T,N,0,3.1,1,194,0,2897097816,AAPL  250516C00210000
2025-05-12 19:54:40.081998976+00:00,2025-05-12 19:54:40.081794698+00:00,0,20,33556693,T,N,0,3.1,5,194,0,2897097817,AAPL  250516C00210000
2025-05-12 19:54:40.081998976+00:00,2025-05-12 19:54:40.081794698+00:00,0,20,33556693,T,N,0,3.1,1,194,0,2897097818,AAPL  250516C00210000
2025-05-12 19:54:40.082369488+00:00,2025-05-12 19:54:40.082165771+00:00,0,61,33556693,T,N,0,3.1,8,194,0,2897098634,AAPL  250516C00210000
2025-05-12 19:54:40.082552365+00:00,2025-05-12 19:54:40.082348229+00:00,0,31,33556693,T,N,0,3.1,1,194,0,2897099152,AAPL  250516C00210000
2025-05-12 19:54:40.085647456+00:00,2025-05-12 19:54:40.085443213+00:00,0,23,33556693,T,N,0,3.1,1,194,0,2897106956,AAPL  250516C00210000
2025-05-12 19:54:40.085707218+00:00,2025-05-12 19:54:40.085502900+00:00,0,22,33556693,T,N,0,3.1,2,194,0,2897107078,AAPL  250516C00210000
2025-05-12 19:54:40.085716002+00:00,2025-05-12 19:54:40.085512583+00:00,0,22,33556693,T,N,0,3.1,2,194,0,2897107100,AAPL  250516C00210000
2025-05-12 19:54:40.125307727+00:00,2025-05-12 19:54:40.125103150+00:00,0,26,33556693,T,N,0,3.1,2,194,0,2897172656,AAPL  250516C00210000
2025-05-12 19:54:40.147797693+00:00,2025-05-12 19:54:40.147592488+00:00,0,26,33556693,T,N,0,3.12,1,194,0,2897196906,AAPL  250516C00210000
2025-05-12 19:54:40.147917130+00:00,2025-05-12 19:54:40.147712951+00:00,0,21,33556693,T,N,0,3.1,1,194,0,2897197048,AAPL  250516C00210000
2025-05-12 19:54:40.147917130+00:00,2025-05-12 19:54:40.147712951+00:00,0,21,33556693,T,N,0,3.1,3,194,0,2897197049,AAPL  250516C00210000
2025-05-12 19:54:41.782414311+00:00,2025-05-12 19:54:41.782211913+00:00,0,28,33556693,T,N,0,3.0,1,194,0,2897820812,AAPL  250516C00210000
2025-05-12 19:54:41.981509538+00:00,2025-05-12 19:54:41.981307083+00:00,0,26,33556693,T,N,0,3.07,1,194,0,2897864201,AAPL  250516C00210000
2025-05-12 19:54:50.042604507+00:00,2025-05-12 19:54:50.042400787+00:00,0,32,33556693,T,N,0,3.0,1,194,0,2899055107,AAPL  250516C00210000
2025-05-12 19:54:50.085486857+00:00,2025-05-12 19:54:50.085282719+00:00,0,32,33556693,T,N,0,3.0,1,194,0,2899123308,AAPL  250516C00210000
2025-05-12 19:54:50.308167379+00:00,2025-05-12 19:54:50.307963604+00:00,0,26,33556693,T,N,0,3.04,1,194,0,2899310608,AAPL  250516C00210000
2025-05-12 19:54:50.354221285+00:00,2025-05-12 19:54:50.354018349+00:00,0,22,33556693,T,N,0,3.0,1,194,0,2899351606,AAPL  250516C00210000
2025-05-12 19:54:55.356614437+00:00,2025-05-12 19:54:55.356411752+00:00,0,22,33556693,T,N,0,3.05,2,194,0,2900563101,AAPL  250516C00210000
2025-05-12 19:55:01.074147341+00:00,2025-05-12 19:55:01.073944802+00:00,0,36,33556693,T,N,0,2.96,1,194,0,2901958601,AAPL  250516C00210000
2025-05-12 19:55:01.361608179+00:00,2025-05-12 19:55:01.361405401+00:00,0,35,33556693,T,N,0,2.94,5,194,0,2902050320,AAPL  250516C00210000
2025-05-12 19:55:13.967430530+00:00,2025-05-12 19:55:13.967227139+00:00,0,34,33556693,T,N,0,2.94,1,194,0,2905331893,AAPL  250516C00210000
2025-05-12 19:55:32.065818196+00:00,2025-05-12 19:55:32.065612971+00:00,0,28,33556693,T,N,0,2.91,1,194,0,2908664810,AAPL  250516C00210000
2025-05-12 19:55:35.699151035+00:00,2025-05-12 19:55:35.698947122+00:00,0,29,33556693,T,N,0,2.9,1,194,0,2909269563,AAPL  250516C00210000
2025-05-12 19:55:37.814794297+00:00,2025-05-12 19:55:37.814590594+00:00,0,32,33556693,T,N,0,2.91,3,194,0,2909687252,AAPL  250516C00210000
2025-05-12 19:55:37.815262588+00:00,2025-05-12 19:55:37.815059779+00:00,0,32,33556693,T,N,0,2.91,1,194,0,2909687365,AAPL  250516C00210000
2025-05-12 19:55:41.389135988+00:00,2025-05-12 19:55:41.388933354+00:00,0,29,33556693,T,N,0,2.94,5,194,0,2910371455,AAPL  250516C00210000
2025-05-12 19:55:47.334062318+00:00,2025-05-12 19:55:47.333859325+00:00,0,28,33556693,T,N,0,2.93,1,194,0,2911475960,AAPL  250516C00210000
2025-05-12 19:55:50.705167644+00:00,2025-05-12 19:55:50.704963921+00:00,0,37,33556693,T,N,0,2.89,1,194,0,2912077478,AAPL  250516C00210000
2025-05-12 19:55:51.128239794+00:00,2025-05-12 19:55:51.128037414+00:00,0,28,33556693,T,N,0,2.88,1,194,0,2912173152,AAPL  250516C00210000
2025-05-12 19:55:54.620573966+00:00,2025-05-12 19:55:54.620371425+00:00,0,35,33556693,T,N,0,2.9,1,194,0,2912766209,AAPL  250516C00210000
2025-05-12 19:55:58.486815820+00:00,2025-05-12 19:55:58.486612058+00:00,0,32,33556693,T,N,0,2.9,2,194,0,2913300210,AAPL  250516C00210000
2025-05-12 19:55:58.990545288+00:00,2025-05-12 19:55:58.990342190+00:00,0,23,33556693,T,N,0,2.91,2,194,0,2913385983,AAPL  250516C00210000
2025-05-12 19:56:04.026961001+00:00,2025-05-12 19:56:04.026757598+00:00,0,21,33556693,T,N,0,2.92,1,194,0,2914301981,AAPL  250516C00210000
2025-05-12 19:56:13.567825256+00:00,2025-05-12 19:56:13.567621814+00:00,0,29,33556693,T,N,0,2.96,27,194,0,2915924610,AAPL  250516C00210000
2025-05-12 19:56:14.397152751+00:00,2025-05-12 19:56:14.396950230+00:00,0,22,33556693,T,N,0,2.96,2,194,0,2916099994,AAPL  250516C00210000
2025-05-12 19:56:18.923705607+00:00,2025-05-12 19:56:18.923501896+00:00,0,28,33556693,T,N,0,2.97,1,194,0,2916841382,AAPL  250516C00210000
2025-05-12 19:56:19.655848088+00:00,2025-05-12 19:56:19.655644841+00:00,0,20,33556693,T,N,0,2.97,1,194,0,2917037090,AAPL  250516C00210000
2025-05-12 19:56:19.655848088+00:00,2025-05-12 19:56:19.655644841+00:00,0,20,33556693,T,N,0,2.97,1,194,0,2917037091,AAPL  250516C00210000
2025-05-12 19:56:19.655848088+00:00,2025-05-12 19:56:19.655644841+00:00,0,20,33556693,T,N,0,2.97,1,194,0,2917037092,AAPL  250516C00210000
2025-05-12 19:56:19.655848088+00:00,2025-05-12 19:56:19.655644841+00:00,0,20,33556693,T,N,0,2.97,1,194,0,2917037093,AAPL  250516C00210000
2025-05-12 19:56:21.791087966+00:00,2025-05-12 19:56:21.790884322+00:00,0,37,33556693,T,N,0,3.0,1,194,0,2917400283,AAPL  250516C00210000
2025-05-12 19:56:21.799403036+00:00,2025-05-12 19:56:21.799199081+00:00,0,27,33556693,T,N,0,2.98,1,194,0,2917408481,AAPL  250516C00210000
2025-05-12 19:56:21.809050922+00:00,2025-05-12 19:56:21.808847020+00:00,0,37,33556693,T,N,0,2.98,20,194,0,2917417185,AAPL  250516C00210000
2025-05-12 19:56:25.461727031+00:00,2025-05-12 19:56:25.461524380+00:00,0,21,33556693,T,N,0,2.99,1,194,0,2918522018,AAPL  250516C00210000
2025-05-12 19:56:26.048708980+00:00,2025-05-12 19:56:26.048505534+00:00,0,32,33556693,T,N,0,3.0,1,194,0,2918617007,AAPL  250516C00210000
2025-05-12 19:56:26.049759824+00:00,2025-05-12 19:56:26.049556297+00:00,0,36,33556693,T,N,0,3.0,2,194,0,2918618736,AAPL  250516C00210000
2025-05-12 19:56:36.568265274+00:00,2025-05-12 19:56:36.568061839+00:00,0,29,33556693,T,N,0,2.97,1,194,0,2920094807,AAPL  250516C00210000
